,fiscalDateEnding,reportedCurrency,grossProfit,totalRevenue,costOfRevenue,costofGoodsAndServicesSold,operatingIncome,sellingGeneralAndAdministrative,researchAndDevelopment,operatingExpenses,investmentIncomeNet,netInterestIncome,interestIncome,interestExpense,nonInterestIncome,otherNonOperatingIncome,depreciation,depreciationAndAmortization,incomeBeforeTax,incomeTaxExpense,interestAndDebtExpense,netIncomeFromContinuingOperations,comprehensiveIncomeNetOfTax,ebit,ebitda,netIncome,operatingCashflow,paymentsForOperatingActivities,proceedsFromOperatingActivities,changeInOperatingLiabilities,changeInOperatingAssets,depreciationDepletionAndAmortization,capitalExpenditures,changeInReceivables,changeInInventory,profitLoss,cashflowFromInvestment,cashflowFromFinancing,proceedsFromRepaymentsOfShortTermDebt,paymentsForRepurchaseOfCommonStock,paymentsForRepurchaseOfEquity,paymentsForRepurchaseOfPreferredStock,dividendPayout,dividendPayoutCommonStock,dividendPayoutPreferredStock,proceedsFromIssuanceOfCommonStock,proceedsFromIssuanceOfLongTermDebtAndCapitalSecuritiesNet,proceedsFromIssuanceOfPreferredStock,proceedsFromRepurchaseOfEquity,proceedsFromSaleOfTreasuryStock,changeInCashAndCashEquivalents,changeInExchangeRate,reportedDate,reportedEPS,estimatedEPS,surprise,surprisePercentage,reportTime
0,2024-12-31,USD,8968000000,25846000000,16878000000,16878000000,1683000000,3486000000,None,7285000000,None,-843000000,69000000,912000000,None,None,None,948000000,856000000,-1890000000,None,2746000000,None,1768000000,2716000000,2744000000,4184000000,None,None,None,None,948000000,1024000000,None,-6000000,None,None,-3008000000,None,None,None,None,1931000000,1931000000,None,None,None,None,-988000000,None,None,None,2025-04-29,0.62,0.6014,0.0186,3.0928,pre-market
1,2023-12-31,USD,8926000000,26640000000,17714000000,17714000000,4572000000,3745000000,147000000,4354000000,None,-872000000,40000000,912000000,None,None,None,961000000,3633000000,787000000,None,2846000000,None,4545000000,5506000000,2855000000,3976000000,None,None,None,None,961000000,1013000000,None,-106000000,None,None,-2678000000,None,None,None,None,1965000000,1965000000,None,None,None,None,-455000000,None,None,None,2025-02-12,0.84,0.779,0.061,7.8306,pre-market
2,2022-12-31,USD,8122000000,26485000000,18363000000,18363000000,3634000000,3426000000,127000000,4488000000,None,-921000000,27000000,921000000,None,253000000,None,933000000,2966000000,598000000,None,2368000000,None,3887000000,4820000000,2363000000,2469000000,None,None,None,None,933000000,916000000,-228000000,-1121000000,None,-1091000000,-3714000000,None,None,None,None,1960000000,1960000000,None,None,None,None,-280000000,None,-2336000000,None,2024-10-30,0.75,0.74,0.01,1.3514,pre-market
3,2021-12-31,USD,8682000000,26042000000,17360000000,17360000000,3460000000,3367000000,140000000,5222000000,None,-2032000000,15000000,2047000000,None,295000000,None,910000000,1708000000,684000000,None,1024000000,None,3755000000,4665000000,1012000000,5364000000,None,None,None,None,910000000,905000000,87000000,-144000000,None,4038000000,-9344000000,None,None,None,None,1959000000,1959000000,None,None,None,None,-271000000,None,58000000,None,2024-07-31,0.78,0.74,0.04,5.4054,pre-market
4,2020-12-31,USD,9177000000,26185000000,17008000000,17008000000,2128000000,3327000000,119000000,7049000000,None,-1394000000,27000000,1394000000,None,296000000,None,969000000,1030000000,669000000,None,361000000,None,2424000000,3393000000,356000000,4929000000,None,None,None,None,969000000,596000000,-26000000,-266000000,None,-522000000,-3331000000,None,None,None,None,1958000000,1958000000,None,None,None,None,None,None,1076000000,None,2024-05-01,0.69,0.69,0,0,pre-market
5,2019-12-31,USD,8147000000,24977000000,16830000000,16830000000,3070000000,2700000000,112000000,5077000000,None,-1361000000,None,1361000000,None,952000000,None,994000000,2661000000,728000000,None,3389000000,None,4022000000,5016000000,1935000000,3552000000,None,None,None,None,994000000,768000000,140000000,-277000000,None,1511000000,-3913000000,None,None,None,None,1953000000,1953000000,None,None,None,None,None,None,1150000000,None,2024-02-14,0.78,0.77,0.01,1.2987,pre-market
6,2018-12-31,USD,8921000000,26268000000,17347000000,17347000000,-10205000000,2839000000,109000000,19126000000,None,-1284000000,None,1284000000,None,183000000,None,983000000,-11321000000,-1067000000,None,-12388000000,None,-10037000000,-9054000000,-10192000000,2574000000,None,None,None,None,983000000,826000000,-2280000000,-251000000,None,288000000,-3363000000,None,None,None,None,3183000000,3183000000,None,None,None,None,0,None,-501000000,None,2023-11-01,0.72,0.66,0.06,9.0909,pre-market
7,2017-12-31,USD,9033000000,26076000000,17043000000,17043000000,6057000000,2927000000,93000000,2976000000,None,-1234000000,None,1234000000,None,-9000000,None,1031000000,5450000000,-5482000000,None,70000000,None,6684000000,7715000000,10941000000,527000000,None,None,None,None,1036000000,1217000000,-2629000000,-251000000,None,1156000000,-4226000000,None,None,None,None,2888000000,2888000000,None,None,None,None,0,None,-2543000000,None,2023-08-02,0.79,0.76,0.03,3.9474,pre-market
8,2016-12-31,USD,9146000000,26300000000,17154000000,17154000000,5601000000,3527000000,120000000,3545000000,None,-1134000000,1162000000,1134000000,None,15000000,None,1337000000,4939000000,1333000000,None,6404000000,None,6073000000,7410000000,3596000000,5238000000,None,None,None,None,1337000000,1247000000,80000000,-130000000,None,-1113000000,-4621000000,None,None,None,None,3764000000,3764000000,None,None,None,None,-8320000000,None,-633000000,-137000000,2023-05-03,0.68,0.6,0.08,13.3333,pre-market
9,2015-12-31,USD,5761000000,18338000000,12577000000,12577000000,2639000000,3122000000,105000000,3122000000,None,None,1169000000,1321000000,None,-305000000,None,740000000,1013000000,366000000,None,647000000,None,2334000000,3074000000,634000000,2467000000,None,None,None,None,740000000,648000000,838000000,25000000,None,-9704000000,10183000000,None,None,None,None,2202000000,2202000000,None,None,None,None,10000000000,None,2539000000,-407000000,2023-02-15,0.85,0.78,0.07,8.9744,pre-market
10,2014-12-31,USD,4845000000,18205000000,13360000000,13360000000,1890000000,2956000000,58000000,2955000000,None,None,None,484000000,None,None,None,385000000,1406000000,363000000,None,672000000,None,1890000000,2275000000,1043000000,2020000000,None,None,None,None,385000000,535000000,None,-53000000,None,-349000000,-1866000000,None,None,None,None,1266000000,1266000000,None,None,None,None,-740000000,None,None,None,2022-10-26,0.63,0.56,0.07,12.5,pre-market
11,2013-12-31,USD,6823000000,18218000000,11395000000,11395000000,4591000000,2124000000,94500000,2232000000,None,None,None,501000000,None,None,None,393000000,4090000000,1375000000,None,None,None,4591000000,4984000000,2715000000,2043000000,None,None,None,None,393000000,557000000,None,235000000,None,None,-1171000000,None,None,None,None,1207000000,1207000000,None,None,None,None,None,None,None,None,2022-07-27,0.7,0.68,0.02,2.9412,pre-market
12,2012-12-31,USD,5772000000,18271000000,12499000000,12499000000,2670000000,2961000000,None,3102000000,None,None,None,258000000,None,None,None,428000000,2453000000,811000000,None,None,None,2711000000,3139000000,1642000000,3035000000,None,None,None,None,428000000,440000000,None,21000000,None,None,-1358000000,None,None,None,None,665691000,665691000,None,None,None,None,None,None,None,None,2022-04-27,0.6,0.53,0.07,13.2075,pre-market
13,2011-12-31,USD,5763000000,18576000000,12813000000,12813000000,2828000000,2937000000,None,2935000000,None,None,None,4000000,None,None,None,364000000,2876000000,1101000000,None,None,None,2880000000,3244000000,1775000000,2664000000,None,None,None,None,364000000,401000000,None,-169000000,None,None,-2265000000,None,None,None,None,619000000,619000000,None,None,None,None,-202000000,None,None,None,2022-02-16,0.79,0.63,0.16,25.3968,pre-market
14,2010-12-31,USD,6020000000,17797000000,11777000000,11777000000,2965000000,3063000000,None,3055000000,None,None,None,3000000,None,None,None,354000000,3002000000,1112000000,None,None,None,3005000000,3359000000,3534000000,828000000,None,None,None,None,354000000,448000000,None,-69000000,None,None,-4078000000,None,None,None,None,579618000,579618000,None,None,None,None,None,None,None,None,2021-10-27,0.65,0.58,0.07,12.069,pre-market
15,2009-12-31,USD,4085722000,10494983000,6409261000,6409261000,1581916000,2221078000,None,None,None,None,None,0,None,None,None,None,1290454000,358514000,None,None,None,None,None,864892000,1262197000,None,None,None,None,None,277642000,None,48537000,None,13443000,None,None,None,None,None,533552000,533552000,None,None,None,None,None,None,None,None,2021-08-04,0.78,0.72,0.06,8.3333,pre-market
16,2008-12-31,USD,3855229000,10148082000,6292853000,6292853000,1493652000,2089983000,None,None,None,None,None,0,None,None,None,None,1296200000,373128000,None,None,None,None,None,923072000,1166882000,None,None,None,None,None,292121000,None,50731000,None,None,None,None,None,None,None,525293000,525293000,None,None,None,None,None,None,None,None,2021-04-29,0.72,0.59,0.13,22.0339,pre-market
17,2007-12-31,USD,3959218000,10070778000,6111560000,6111560000,1568967000,2111725000,None,None,None,None,None,0,None,None,None,None,1217794000,372869000,None,None,None,None,None,844925000,1188303000,None,None,None,None,None,301588000,None,None,None,None,None,None,None,None,None,485246000,485246000,None,None,None,None,None,None,None,None,2021-02-11,0.8,0.74,0.06,8.1081,pre-market
18,2006-12-31,USD,3651974000,9001630000,5349656000,5349656000,1446715000,1946185000,None,None,None,None,None,0,None,None,None,None,1124399000,332797000,None,None,None,None,None,785746000,1095799000,None,None,None,None,None,244562000,None,None,None,None,None,None,None,None,None,461237000,461237000,None,None,None,None,None,None,None,None,2020-10-29,0.7,0.62,0.08,12.9032,pre-market
19,2005-12-31,USD,3439628000,8643438000,5203810000,5203810000,1349912000,1834662000,None,None,None,None,None,0,None,None,None,None,693461000,250700000,None,None,None,None,None,645603000,1088273000,None,None,None,None,None,230577000,None,None,None,None,None,None,None,None,None,408151000,408151000,None,None,None,None,None,None,None,None,2020-07-30,0.8,0.65,0.15,23.0769,pre-market
20,,,,,,,,,,,,,,,,,,,,,,,,,,,,,,,,,,,,,,,,,,,,,,,,,,,,,2020-04-30,0.58,0.55,0.03,5.4545,pre-market
21,,,,,,,,,,,,,,,,,,,,,,,,,,,,,,,,,,,,,,,,,,,,,,,,,,,,,2020-02-13,0.72,0.68,0.04,5.8824,pre-market
22,,,,,,,,,,,,,,,,,,,,,,,,,,,,,,,,,,,,,,,,,,,,,,,,,,,,,2019-10-31,0.69,0.54,0.15,27.7778,pre-market
23,,,,,,,,,,,,,,,,,,,,,,,,,,,,,,,,,,,,,,,,,,,,,,,,,,,,,2019-08-08,0.78,0.75,0.03,4,pre-market
24,,,,,,,,,,,,,,,,,,,,,,,,,,,,,,,,,,,,,,,,,,,,,,,,,,,,,2019-05-01,0.66,0.61,0.05,8.1967,pre-market
25,,,,,,,,,,,,,,,,,,,,,,,,,,,,,,,,,,,,,,,,,,,,,,,,,,,,,2019-02-21,0.84,0.94,-0.1,-10.6383,post-market
26,,,,,,,,,,,,,,,,,,,,,,,,,,,,,,,,,,,,,,,,,,,,,,,,,,,,,2018-11-01,0.78,0.81,-0.03,-3.7037,post-market
27,,,,,,,,,,,,,,,,,,,,,,,,,,,,,,,,,,,,,,,,,,,,,,,,,,,,,2018-08-03,1,0.92,0.08,8.6957,pre-market
28,,,,,,,,,,,,,,,,,,,,,,,,,,,,,,,,,,,,,,,,,,,,,,,,,,,,,2018-05-02,0.89,0.82,0.07,8.5366,post-market
29,,,,,,,,,,,,,,,,,,,,,,,,,,,,,,,,,,,,,,,,,,,,,,,,,,,,,2018-02-16,0.9,0.95,-0.05,-5.2632,pre-market
30,,,,,,,,,,,,,,,,,,,,,,,,,,,,,,,,,,,,,,,,,,,,,,,,,,,,,2017-11-01,0.83,0.82,0.01,1.2195,post-market
31,,,,,,,,,,,,,,,,,,,,,,,,,,,,,,,,,,,,,,,,,,,,,,,,,,,,,2017-08-03,0.98,0.95,0.03,3.1579,post-market
32,,,,,,,,,,,,,,,,,,,,,,,,,,,,,,,,,,,,,,,,,,,,,,,,,,,,,2017-05-03,0.84,0.86,-0.02,-2.3256,post-market
33,,,,,,,,,,,,,,,,,,,,,,,,,,,,,,,,,,,,,,,,,,,,,,,,,,,,,2017-02-15,0.91,0.88,0.03,3.4091,post-market
34,,,,,,,,,,,,,,,,,,,,,,,,,,,,,,,,,,,,,,,,,,,,,,,,,,,,,2016-11-03,0.83,0.75,0.08,10.6667,post-market
35,,,,,,,,,,,,,,,,,,,,,,,,,,,,,,,,,,,,,,,,,,,,,,,,,,,,,2016-08-04,0.85,0.72,0.13,18.0556,post-market
36,,,,,,,,,,,,,,,,,,,,,,,,,,,,,,,,,,,,,,,,,,,,,,,,,,,,,2016-05-04,0.73,0.62,0.11,17.7419,post-market
37,,,,,,,,,,,,,,,,,,,,,,,,,,,,,,,,,,,,,,,,,,,,,,,,,,,,,2016-02-25,0.62,0.58,0.04,6.8966,post-market
38,,,,,,,,,,,,,,,,,,,,,,,,,,,,,,,,,,,,,,,,,,,,,,,,,,,,,2015-11-05,0.44,0.62,-0.18,-29.0323,post-market
39,,,,,,,,,,,,,,,,,,,,,,,,,,,,,,,,,,,,,,,,,,,,,,,,,,,,,2015-08-10,0.98,0.84,0.14,16.6667,post-market
40,,,,,,,,,,,,,,,,,,,,,,,,,,,,,,,,,,,,,,,,,,,,,,,,,,,,,2015-04-22,0.86,0.81,0.05,6.1728,pre-market
41,,,,,,,,,,,,,,,,,,,,,,,,,,,,,,,,,,,,,,,,,,,,,,,,,,,,,2015-02-12,0.75,0.73,0.02,2.7397,pre-market
42,,,,,,,,,,,,,,,,,,,,,,,,,,,,,,,,,,,,,,,,,,,,,,,,,,,,,2014-10-29,0.77,0.73,0.04,5.4795,pre-market
43,,,,,,,,,,,,,,,,,,,,,,,,,,,,,,,,,,,,,,,,,,,,,,,,,,,,,2014-07-30,0.8,0.82,-0.02,-2.439,pre-market
44,,,,,,,,,,,,,,,,,,,,,,,,,,,,,,,,,,,,,,,,,,,,,,,,,,,,,2014-05-01,0.83,0.76,0.07,9.2105,pre-market
45,,,,,,,,,,,,,,,,,,,,,,,,,,,,,,,,,,,,,,,,,,,,,,,,,,,,,2014-02-13,0.43,0.61,-0.18,-29.5082,pre-market
46,,,,,,,,,,,,,,,,,,,,,,,,,,,,,,,,,,,,,,,,,,,,,,,,,,,,,2013-10-30,0.7,0.62,0.08,12.9032,pre-market
47,,,,,,,,,,,,,,,,,,,,,,,,,,,,,,,,,,,,,,,,,,,,,,,,,,,,,2013-08-02,1.3773,None,0,None,pre-market
48,,,,,,,,,,,,,,,,,,,,,,,,,,,,,,,,,,,,,,,,,,,,,,,,,,,,,2013-05-03,0.7605,None,0,None,pre-market
49,,,,,,,,,,,,,,,,,,,,,,,,,,,,,,,,,,,,,,,,,,,,,,,,,,,,,2013-03-21,0.1603,None,0,None,pre-market
50,,,,,,,,,,,,,,,,,,,,,,,,,,,,,,,,,,,,,,,,,,,,,,,,,,,,,2012-11-07,0.7939,None,0,None,pre-market
