,fiscalDateEnding,reportedCurrency,grossProfit,totalRevenue,costOfRevenue,costofGoodsAndServicesSold,operatingIncome,sellingGeneralAndAdministrative,researchAndDevelopment,operatingExpenses,investmentIncomeNet,netInterestIncome,interestIncome,interestExpense,nonInterestIncome,otherNonOperatingIncome,depreciation,depreciationAndAmortization,incomeBeforeTax,incomeTaxExpense,interestAndDebtExpense,netIncomeFromContinuingOperations,comprehensiveIncomeNetOfTax,ebit,ebitda,netIncome,operatingCashflow,paymentsForOperatingActivities,proceedsFromOperatingActivities,changeInOperatingLiabilities,changeInOperatingAssets,depreciationDepletionAndAmortization,capitalExpenditures,changeInReceivables,changeInInventory,profitLoss,cashflowFromInvestment,cashflowFromFinancing,proceedsFromRepaymentsOfShortTermDebt,paymentsForRepurchaseOfCommonStock,paymentsForRepurchaseOfEquity,paymentsForRepurchaseOfPreferredStock,dividendPayout,dividendPayoutCommonStock,dividendPayoutPreferredStock,proceedsFromIssuanceOfCommonStock,proceedsFromIssuanceOfLongTermDebtAndCapitalSecuritiesNet,proceedsFromIssuanceOfPreferredStock,proceedsFromRepurchaseOfEquity,proceedsFromSaleOfTreasuryStock,changeInCashAndCashEquivalents,changeInExchangeRate,reportedDate,reportedEPS,estimatedEPS,surprise,surprisePercentage,reportTime
0,2024-07-31,USD,1111576000,3470762000,2359186000,2359186000,45119000,207062000,None,1066457000,None,-20933000,None,20933000,None,None,None,111746000,24186000,-16744000,None,40930000,None,45119000,156865000,40930000,168980000,None,None,None,None,124481000,128295000,None,8406000,None,None,-57765000,None,None,None,None,116082000,116082000,None,None,None,None,-1608000,None,None,None,2025-03-04,1.38,1.07,0.31,28.972,pre-market
1,2023-07-31,USD,1106522000,3442808000,2336286000,2336286000,120617000,174091000,None,971906000,None,-17006000,None,17006000,None,None,None,164252000,103611000,4561000,None,99050000,None,74849000,239101000,99050000,250457000,None,None,None,None,117220000,125387000,None,23885000,None,-124319000,-146096000,None,None,None,None,116075000,116075000,None,None,None,None,-17449000,None,None,None,2024-12-04,0.45,0.45,0,0,pre-market
2,2022-07-31,USD,1068825000,3267786000,2198961000,2198961000,153003000,157433000,None,915822000,None,-9620000,None,9620000,None,None,None,162066000,143383000,11503000,None,131880000,None,-9063000,153003000,131880000,205253000,None,None,None,None,116303000,97104000,None,-74929000,None,-98499000,-206242000,None,None,None,None,114829000,114829000,None,None,None,None,-131542000,None,None,None,2024-09-17,0.98,1.14,-0.16,-14.0351,pre-market
3,2021-07-31,USD,973063000,2821444000,1848381000,1848381000,148937000,147825000,None,824126000,None,-56108000,None,56108000,None,None,None,164421000,310551000,56038000,None,254513000,None,202238000,366659000,254513000,301903000,None,None,None,None,121339000,70130000,None,771000,None,78330000,-672636000,None,None,None,None,31667000,31667000,None,None,None,None,-35000000,None,None,None,2024-05-30,0.88,0.72,0.16,22.2222,pre-market
4,2020-07-31,USD,817861000,2522792000,1704931000,1704931000,56153000,146975000,None,761708000,None,-22327000,None,22327000,None,None,None,181620000,81284000,-28683000,None,-32475000,None,102446000,284066000,109967000,161002000,None,None,None,None,118178000,296008000,None,16094000,None,-157226000,396336000,None,None,None,None,94544000,94544000,None,None,None,None,-55007000,None,None,None,2024-02-27,1.37,1.37,0,0,pre-market
5,2019-07-31,USD,1062123000,3071951000,2009828000,2009828000,282844000,152826000,None,779279000,None,-16488000,None,16488000,None,None,None,107537000,266356000,42955000,None,223401000,None,282844000,390381000,223401000,362796000,None,None,None,None,107537000,137540000,-3261000,1295000,None,-241574000,-198994000,None,None,None,None,193475000,193475000,None,None,None,None,-2497000,None,-77772000,None,2023-11-30,0.51,0.74,-0.23,-31.0811,pre-market
6,2018-07-31,USD,1039237000,3030445000,1991208000,1991208000,293592000,143756000,0,745645000,None,-15169000,None,15169000,None,None,None,93692000,278423000,30803000,None,247620000,None,293592000,387284000,247620000,330620000,None,None,None,None,93692000,151633000,-1380000,114000,None,-151222000,-225743000,None,None,None,None,207155000,207155000,None,None,None,None,-14772000,None,-46345000,None,2023-09-13,1.79,1.62,0.17,10.4938,pre-market
7,2017-07-31,USD,1017872000,2926289000,1908417000,1908417000,313158000,141414000,0,704714000,None,-14271000,None,14271000,None,None,None,86319000,298887000,96988000,None,201899000,None,313158000,399477000,201899000,320767000,None,None,None,None,86319000,110108000,1273000,-4059000,None,-109605000,-201127000,None,None,None,None,196867000,196867000,None,None,None,None,-6896000,None,10035000,None,2023-06-06,1.21,1.35,-0.14,-10.3704,pre-market
8,2016-07-31,USD,977987000,2912351000,1934364000,1934364000,280471000,142982000,0,697516000,None,-14052000,None,14052000,None,None,None,78223000,266419000,77120000,None,189299000,None,280471000,358694000,189299000,271378000,None,None,None,None,78223000,113360000,-1339000,750000,None,-112515000,-273352000,None,None,None,None,255546000,255546000,None,None,None,None,-14653000,None,-114489000,None,2023-02-28,1.48,1.36,0.12,8.8235,pre-market
9,2015-07-31,USD,925731000,2842284000,1916553000,1916553000,254880000,147544000,0,670851000,None,None,16679000,16679000,None,None,None,72955000,238201000,74298000,None,163903000,None,254880000,327835000,163903000,334055000,None,None,None,None,72955000,90490000,4654000,12368000,None,-88614000,-99347000,None,None,None,None,95699000,95699000,None,None,None,None,-12473000,None,146094000,None,2022-12-02,0.99,1.2,-0.21,-17.5,pre-market
10,2014-07-31,USD,844326000,2683677000,1839351000,1839351000,208406000,129387000,0,635920000,None,None,None,17557000,None,None,None,68389000,190849000,58721000,None,132128000,None,208406000,276795000,132128000,177625000,None,None,None,None,68389000,90564000,-6762000,-18739000,None,-88815000,-91167000,None,None,None,None,71484000,71484000,None,None,None,None,-12473000,None,-2357000,None,2022-09-27,1.57,1.57,0,0,pre-market
11,2013-07-31,USD,827387000,2644630000,1817243000,1817243000,201524000,143262000,0,625863000,None,None,None,35742000,None,None,None,66120000,165782000,48517000,None,117265000,None,201524000,267644000,117265000,208499000,None,None,None,None,66120000,73961000,-1333000,-3420000,None,-73406000,-165337000,None,None,None,None,45400000,45400000,None,None,None,None,-3570000,None,-30244000,None,2022-06-07,1.29,1.29,0,0,pre-market
12,2012-07-31,USD,801276000,2580195000,1778919000,1778919000,190975000,146171000,0,610301000,None,None,None,44687000,None,None,None,64467000,146288000,43207000,None,103081000,None,190975000,255442000,103081000,219822000,None,None,None,None,64467000,80170000,-2330000,-1720000,None,-79547000,-40587000,None,None,None,None,22372000,22372000,None,None,None,None,-14923000,None,99688000,None,2022-02-22,1.71,1.71,0,0,pre-market
13,2011-07-31,USD,1661964000,2434435000,772471000,772471000,167181000,1495408000,0,1495408000,None,None,None,51490000,None,None,None,62788000,115691000,30483000,None,115691000,None,166556000,229344000,85208000,138213000,None,None,None,None,62788000,77686000,1251000,2532000,None,-69489000,-64150000,None,None,None,None,19846000,19846000,None,None,None,None,-33563000,None,4574000,None,2021-11-23,1.52,1.52,0,0,pre-market
14,2010-07-31,USD,1658697000,2404515000,745818000,745818000,164668000,1491229000,None,1491229000,None,None,None,48959000,None,None,None,61024000,115709000,30451000,None,None,None,167468000,228492000,85258000,212106000,None,None,None,None,61024000,69891000,None,-6655000,None,None,-106389000,None,None,None,None,18545000,18545000,None,None,None,None,-62487000,None,None,None,2021-09-21,2.25,2.25,0,0,pre-market
15,2009-07-31,USD,1602376000,2367285000,764909000,764909000,142239000,1036455000,None,1722575000,None,None,None,52177000,None,None,None,59286000,90062000,24105000,None,None,None,142239000,201525000,65926000,164124000,None,None,None,None,59286000,67842000,None,18530000,None,None,-155406000,None,None,None,None,17607000,17607000,None,None,None,None,None,None,None,None,2021-05-25,1.51,1.51,0,0,pre-market
16,2008-07-31,USD,1610764000,2384521000,773757000,773757000,150775000,1036800000,None,1459989000,None,None,None,57887000,None,None,None,57689000,93515000,28212000,None,None,None,150960000,208649000,65553000,124895000,None,None,None,None,57689000,88027000,None,-11538000,None,None,-44459000,None,None,None,None,15743000,15743000,None,None,None,None,-52380000,None,None,None,2021-02-23,0.7,0.7,0,0,pre-market
17,2007-07-31,USD,1607301000,2351576000,744275000,744275000,168145000,1029000000,None,1439156000,None,None,None,34418000,None,None,None,56908000,116481000,40498000,None,None,None,168145000,225053000,162065000,63054000,None,None,None,None,56908000,96538000,None,-16113000,None,178265000,-502309000,None,None,None,None,15610000,15610000,None,None,None,None,-405531000,None,None,None,2020-12-03,0.69,0.69,0,0,pre-market
18,2006-07-31,USD,1797353000,2642997000,845644000,845644000,22298000,1119800000,None,1767003000,None,None,None,128809000,None,None,None,72278000,168049000,51758000,None,None,None,146777000,219055000,116291000,214846000,None,None,None,None,72278000,146291000,None,4628000,None,None,-5385000,None,None,None,None,24019000,24019000,None,None,None,None,-704160000,None,None,None,2020-09-15,-0.85,-0.85,0,0,pre-market
19,2005-07-31,USD,1720503000,2567548000,847045000,847045000,202162000,1070800000,None,1518341000,None,None,None,8597000,None,None,None,67321000,193565000,66925000,None,None,None,202162000,269483000,126640000,279903000,None,None,None,None,67321000,171447000,None,-984000,None,None,-121439000,None,None,None,None,22764000,22764000,None,None,None,None,-159328000,None,None,None,2020-06-02,-1.81,-1.81,0,0,pre-market
20,,,,,,,,,,,,,,,,,,,,,,,,,,,,,,,,,,,,,,,,,,,,,,,,,,,,,2020-02-25,2.4,2.4,0,0,pre-market
21,,,,,,,,,,,,,,,,,,,,,,,,,,,,,,,,,,,,,,,,,,,,,,,,,,,,,2019-11-26,2.15,2.15,0,0,pre-market
22,,,,,,,,,,,,,,,,,,,,,,,,,,,,,,,,,,,,,,,,,,,,,,,,,,,,,2019-09-17,2.7,2.7,0,0,pre-market
23,,,,,,,,,,,,,,,,,,,,,,,,,,,,,,,,,,,,,,,,,,,,,,,,,,,,,2019-06-04,2.09,2.09,0,0,pre-market
24,,,,,,,,,,,,,,,,,,,,,,,,,,,,,,,,,,,,,,,,,,,,,,,,,,,,,2019-02-26,2.52,2.5,0.02,0.8,pre-market
25,,,,,,,,,,,,,,,,,,,,,,,,,,,,,,,,,,,,,,,,,,,,,,,,,,,,,2018-11-27,1.96,1.9,0.06,3.1579,pre-market
26,,,,,,,,,,,,,,,,,,,,,,,,,,,,,,,,,,,,,,,,,,,,,,,,,,,,,2018-09-18,2.55,2.69,-0.14,-5.2045,pre-market
27,,,,,,,,,,,,,,,,,,,,,,,,,,,,,,,,,,,,,,,,,,,,,,,,,,,,,2018-05-22,2.03,1.95,0.08,4.1026,pre-market
28,,,,,,,,,,,,,,,,,,,,,,,,,,,,,,,,,,,,,,,,,,,,,,,,,,,,,2018-02-20,2.73,2.25,0.48,21.3333,pre-market
29,,,,,,,,,,,,,,,,,,,,,,,,,,,,,,,,,,,,,,,,,,,,,,,,,,,,,2017-11-21,1.92,1.84,0.08,4.3478,pre-market
30,,,,,,,,,,,,,,,,,,,,,,,,,,,,,,,,,,,,,,,,,,,,,,,,,,,,,2017-09-13,2.23,2.18,0.05,2.2936,pre-market
31,,,,,,,,,,,,,,,,,,,,,,,,,,,,,,,,,,,,,,,,,,,,,,,,,,,,,2017-05-23,1.95,1.85,0.1,5.4054,pre-market
32,,,,,,,,,,,,,,,,,,,,,,,,,,,,,,,,,,,,,,,,,,,,,,,,,,,,,2017-02-21,2.19,2.14,0.05,2.3364,pre-market
33,,,,,,,,,,,,,,,,,,,,,,,,,,,,,,,,,,,,,,,,,,,,,,,,,,,,,2016-11-22,2.01,1.59,0.42,26.4151,pre-market
34,,,,,,,,,,,,,,,,,,,,,,,,,,,,,,,,,,,,,,,,,,,,,,,,,,,,,2016-09-14,2.12,2.13,-0.01,-0.4695,pre-market
35,,,,,,,,,,,,,,,,,,,,,,,,,,,,,,,,,,,,,,,,,,,,,,,,,,,,,2016-06-01,1.82,1.8,0.02,1.1111,pre-market
36,,,,,,,,,,,,,,,,,,,,,,,,,,,,,,,,,,,,,,,,,,,,,,,,,,,,,2016-02-23,1.91,1.91,0,0,pre-market
37,,,,,,,,,,,,,,,,,,,,,,,,,,,,,,,,,,,,,,,,,,,,,,,,,,,,,2015-11-24,1.7,1.29,0.41,31.7829,pre-market
38,,,,,,,,,,,,,,,,,,,,,,,,,,,,,,,,,,,,,,,,,,,,,,,,,,,,,2015-09-16,1.97,1.86,0.11,5.914,pre-market
39,,,,,,,,,,,,,,,,,,,,,,,,,,,,,,,,,,,,,,,,,,,,,,,,,,,,,2015-06-02,1.4675,1.37,0.0975,7.1168,pre-market
40,,,,,,,,,,,,,,,,,,,,,,,,,,,,,,,,,,,,,,,,,,,,,,,,,,,,,2015-02-24,1.93,1.62,0.31,19.1358,pre-market
41,,,,,,,,,,,,,,,,,,,,,,,,,,,,,,,,,,,,,,,,,,,,,,,,,,,,,2014-11-25,1.42,1.13,0.29,25.6637,pre-market
42,,,,,,,,,,,,,,,,,,,,,,,,,,,,,,,,,,,,,,,,,,,,,,,,,,,,,2014-09-17,1.63,1.56,0.07,4.4872,pre-market
43,,,,,,,,,,,,,,,,,,,,,,,,,,,,,,,,,,,,,,,,,,,,,,,,,,,,,2014-05-28,1.1981,1.22,-0.0219,-1.7951,pre-market
44,,,,,,,,,,,,,,,,,,,,,,,,,,,,,,,,,,,,,,,,,,,,,,,,,,,,,2014-02-25,1.56,1.56,0,0,pre-market
45,,,,,,,,,,,,,,,,,,,,,,,,,,,,,,,,,,,,,,,,,,,,,,,,,,,,,2013-11-26,1.1352,1.06,0.0752,7.0943,pre-market
46,,,,,,,,,,,,,,,,,,,,,,,,,,,,,,,,,,,,,,,,,,,,,,,,,,,,,2013-09-18,1.4324,None,0,None,pre-market
47,,,,,,,,,,,,,,,,,,,,,,,,,,,,,,,,,,,,,,,,,,,,,,,,,,,,,2013-06-03,1.0248,None,0,None,pre-market
48,,,,,,,,,,,,,,,,,,,,,,,,,,,,,,,,,,,,,,,,,,,,,,,,,,,,,2013-02-26,1.4687,None,0,None,pre-market
49,,,,,,,,,,,,,,,,,,,,,,,,,,,,,,,,,,,,,,,,,,,,,,,,,,,,,2012-11-29,0.975,None,0,None,pre-market
50,,,,,,,,,,,,,,,,,,,,,,,,,,,,,,,,,,,,,,,,,,,,,,,,,,,,,2012-09-19,1.47,None,0,None,pre-market
51,,,,,,,,,,,,,,,,,,,,,,,,,,,,,,,,,,,,,,,,,,,,,,,,,,,,,2012-05-22,0.8062,None,0,None,pre-market
52,,,,,,,,,,,,,,,,,,,,,,,,,,,,,,,,,,,,,,,,,,,,,,,,,,,,,2012-02-21,1.0988,None,0,None,pre-market
53,,,,,,,,,,,,,,,,,,,,,,,,,,,,,,,,,,,,,,,,,,,,,,,,,,,,,2011-11-22,1.0284,None,0,None,pre-market
54,,,,,,,,,,,,,,,,,,,,,,,,,,,,,,,,,,,,,,,,,,,,,,,,,,,,,2011-09-13,0.75,None,0,None,pre-market
55,,,,,,,,,,,,,,,,,,,,,,,,,,,,,,,,,,,,,,,,,,,,,,,,,,,,,2011-05-24,0.6421,None,0,None,pre-market
56,,,,,,,,,,,,,,,,,,,,,,,,,,,,,,,,,,,,,,,,,,,,,,,,,,,,,2011-02-22,1.2031,None,0,None,pre-market
57,,,,,,,,,,,,,,,,,,,,,,,,,,,,,,,,,,,,,,,,,,,,,,,,,,,,,2010-11-23,1.0059,None,0,None,pre-market
58,,,,,,,,,,,,,,,,,,,,,,,,,,,,,,,,,,,,,,,,,,,,,,,,,,,,,2010-09-14,1.143,None,0,None,pre-market
59,,,,,,,,,,,,,,,,,,,,,,,,,,,,,,,,,,,,,,,,,,,,,,,,,,,,,2010-05-25,0.6061,None,0,None,pre-market
60,,,,,,,,,,,,,,,,,,,,,,,,,,,,,,,,,,,,,,,,,,,,,,,,,,,,,2010-02-23,1.0853,None,0,None,pre-market
61,,,,,,,,,,,,,,,,,,,,,,,,,,,,,,,,,,,,,,,,,,,,,,,,,,,,,2009-11-24,0.779,None,0,None,pre-market
62,,,,,,,,,,,,,,,,,,,,,,,,,,,,,,,,,,,,,,,,,,,,,,,,,,,,,2009-09-15,0.9911,None,0,None,pre-market
63,,,,,,,,,,,,,,,,,,,,,,,,,,,,,,,,,,,,,,,,,,,,,,,,,,,,,2009-05-27,0.5235,None,0,None,pre-market
64,,,,,,,,,,,,,,,,,,,,,,,,,,,,,,,,,,,,,,,,,,,,,,,,,,,,,2009-02-24,0.8126,None,0,None,pre-market
65,,,,,,,,,,,,,,,,,,,,,,,,,,,,,,,,,,,,,,,,,,,,,,,,,,,,,2008-11-24,0.5661,None,0,None,pre-market
66,,,,,,,,,,,,,,,,,,,,,,,,,,,,,,,,,,,,,,,,,,,,,,,,,,,,,2008-09-16,0.929,None,0,None,pre-market
67,,,,,,,,,,,,,,,,,,,,,,,,,,,,,,,,,,,,,,,,,,,,,,,,,,,,,2008-05-28,0.4578,None,0,None,pre-market
68,,,,,,,,,,,,,,,,,,,,,,,,,,,,,,,,,,,,,,,,,,,,,,,,,,,,,2008-02-26,0.8509,None,0,None,pre-market
69,,,,,,,,,,,,,,,,,,,,,,,,,,,,,,,,,,,,,,,,,,,,,,,,,,,,,2007-11-28,0.5682,None,0,None,pre-market
70,,,,,,,,,,,,,,,,,,,,,,,,,,,,,,,,,,,,,,,,,,,,,,,,,,,,,2007-09-18,1.1137,None,0,None,pre-market
71,,,,,,,,,,,,,,,,,,,,,,,,,,,,,,,,,,,,,,,,,,,,,,,,,,,,,2007-05-22,0.4464,None,0,None,pre-market
72,,,,,,,,,,,,,,,,,,,,,,,,,,,,,,,,,,,,,,,,,,,,,,,,,,,,,2007-02-20,2.8845,None,0,None,pre-market
73,,,,,,,,,,,,,,,,,,,,,,,,,,,,,,,,,,,,,,,,,,,,,,,,,,,,,2006-11-21,0.5707,None,0,None,pre-market
74,,,,,,,,,,,,,,,,,,,,,,,,,,,,,,,,,,,,,,,,,,,,,,,,,,,,,2006-09-19,0.9,None,0,None,pre-market
75,,,,,,,,,,,,,,,,,,,,,,,,,,,,,,,,,,,,,,,,,,,,,,,,,,,,,2006-05-23,0.4564,None,0,None,pre-market
76,,,,,,,,,,,,,,,,,,,,,,,,,,,,,,,,,,,,,,,,,,,,,,,,,,,,,2006-02-21,0.594,None,0,None,pre-market
77,,,,,,,,,,,,,,,,,,,,,,,,,,,,,,,,,,,,,,,,,,,,,,,,,,,,,2005-11-21,0.5142,None,0,None,pre-market
78,,,,,,,,,,,,,,,,,,,,,,,,,,,,,,,,,,,,,,,,,,,,,,,,,,,,,2005-09-08,0.7373,None,0,None,pre-market
79,,,,,,,,,,,,,,,,,,,,,,,,,,,,,,,,,,,,,,,,,,,,,,,,,,,,,2005-05-19,0.5201,None,0,None,pre-market
80,,,,,,,,,,,,,,,,,,,,,,,,,,,,,,,,,,,,,,,,,,,,,,,,,,,,,2005-02-17,0.6271,None,0,None,pre-market
81,,,,,,,,,,,,,,,,,,,,,,,,,,,,,,,,,,,,,,,,,,,,,,,,,,,,,2004-11-18,0.6082,None,0,None,pre-market
82,,,,,,,,,,,,,,,,,,,,,,,,,,,,,,,,,,,,,,,,,,,,,,,,,,,,,2004-09-08,0.594,None,0,None,pre-market
83,,,,,,,,,,,,,,,,,,,,,,,,,,,,,,,,,,,,,,,,,,,,,,,,,,,,,2004-05-20,0.5183,None,0,None,pre-market
84,,,,,,,,,,,,,,,,,,,,,,,,,,,,,,,,,,,,,,,,,,,,,,,,,,,,,2004-02-19,0.5673,None,0,None,pre-market
85,,,,,,,,,,,,,,,,,,,,,,,,,,,,,,,,,,,,,,,,,,,,,,,,,,,,,2003-11-20,0.5628,None,0,None,pre-market
86,,,,,,,,,,,,,,,,,,,,,,,,,,,,,,,,,,,,,,,,,,,,,,,,,,,,,2003-09-11,0.7039,None,0,None,pre-market
87,,,,,,,,,,,,,,,,,,,,,,,,,,,,,,,,,,,,,,,,,,,,,,,,,,,,,2003-05-22,0.4609,None,0,None,pre-market
88,,,,,,,,,,,,,,,,,,,,,,,,,,,,,,,,,,,,,,,,,,,,,,,,,,,,,2003-02-20,0.4787,None,0,None,pre-market
89,,,,,,,,,,,,,,,,,,,,,,,,,,,,,,,,,,,,,,,,,,,,,,,,,,,,,2002-11-21,0.4479,None,0,None,pre-market
90,,,,,,,,,,,,,,,,,,,,,,,,,,,,,,,,,,,,,,,,,,,,,,,,,,,,,2002-09-12,0.56,None,0,None,pre-market
91,,,,,,,,,,,,,,,,,,,,,,,,,,,,,,,,,,,,,,,,,,,,,,,,,,,,,2002-05-23,0.3626,None,0,None,pre-market
92,,,,,,,,,,,,,,,,,,,,,,,,,,,,,,,,,,,,,,,,,,,,,,,,,,,,,2002-02-21,0.3669,None,0,None,pre-market
93,,,,,,,,,,,,,,,,,,,,,,,,,,,,,,,,,,,,,,,,,,,,,,,,,,,,,2001-11-21,0.3497,None,0,None,pre-market
94,,,,,,,,,,,,,,,,,,,,,,,,,,,,,,,,,,,,,,,,,,,,,,,,,,,,,2001-09-13,0.05,None,0,None,pre-market
95,,,,,,,,,,,,,,,,,,,,,,,,,,,,,,,,,,,,,,,,,,,,,,,,,,,,,2001-05-17,0.2565,None,0,None,pre-market
96,,,,,,,,,,,,,,,,,,,,,,,,,,,,,,,,,,,,,,,,,,,,,,,,,,,,,2001-02-15,0.2614,None,0,None,pre-market
97,,,,,,,,,,,,,,,,,,,,,,,,,,,,,,,,,,,,,,,,,,,,,,,,,,,,,2000-11-16,0.2981,None,0,None,pre-market
98,,,,,,,,,,,,,,,,,,,,,,,,,,,,,,,,,,,,,,,,,,,,,,,,,,,,,2000-07-31,0.4181,None,0,None,pre-market
99,,,,,,,,,,,,,,,,,,,,,,,,,,,,,,,,,,,,,,,,,,,,,,,,,,,,,2000-04-30,0.25,None,0,None,pre-market
100,,,,,,,,,,,,,,,,,,,,,,,,,,,,,,,,,,,,,,,,,,,,,,,,,,,,,2000-01-31,0.1089,None,0,None,pre-market
101,,,,,,,,,,,,,,,,,,,,,,,,,,,,,,,,,,,,,,,,,,,,,,,,,,,,,1999-10-31,0.2465,None,0,None,pre-market
102,,,,,,,,,,,,,,,,,,,,,,,,,,,,,,,,,,,,,,,,,,,,,,,,,,,,,1999-07-31,0.2094,None,0,None,pre-market
103,,,,,,,,,,,,,,,,,,,,,,,,,,,,,,,,,,,,,,,,,,,,,,,,,,,,,1999-04-30,0.2457,None,0,None,pre-market
104,,,,,,,,,,,,,,,,,,,,,,,,,,,,,,,,,,,,,,,,,,,,,,,,,,,,,1999-01-31,0.2789,None,0,None,pre-market
105,,,,,,,,,,,,,,,,,,,,,,,,,,,,,,,,,,,,,,,,,,,,,,,,,,,,,1998-10-31,0.417,None,0,None,pre-market
