,fiscalDateEnding,reportedCurrency,grossProfit,totalRevenue,costOfRevenue,costofGoodsAndServicesSold,operatingIncome,sellingGeneralAndAdministrative,researchAndDevelopment,operatingExpenses,investmentIncomeNet,netInterestIncome,interestIncome,interestExpense,nonInterestIncome,otherNonOperatingIncome,depreciation,depreciationAndAmortization,incomeBeforeTax,incomeTaxExpense,interestAndDebtExpense,netIncomeFromContinuingOperations,comprehensiveIncomeNetOfTax,ebit,ebitda,netIncome,operatingCashflow,paymentsForOperatingActivities,proceedsFromOperatingActivities,changeInOperatingLiabilities,changeInOperatingAssets,depreciationDepletionAndAmortization,capitalExpenditures,changeInReceivables,changeInInventory,profitLoss,cashflowFromInvestment,cashflowFromFinancing,proceedsFromRepaymentsOfShortTermDebt,paymentsForRepurchaseOfCommonStock,paymentsForRepurchaseOfEquity,paymentsForRepurchaseOfPreferredStock,dividendPayout,dividendPayoutCommonStock,dividendPayoutPreferredStock,proceedsFromIssuanceOfCommonStock,proceedsFromIssuanceOfLongTermDebtAndCapitalSecuritiesNet,proceedsFromIssuanceOfPreferredStock,proceedsFromRepurchaseOfEquity,proceedsFromSaleOfTreasuryStock,changeInCashAndCashEquivalents,changeInExchangeRate,reportedDate,reportedEPS,estimatedEPS,surprise,surprisePercentage,reportTime
0,2024-05-31,USD,6932100000,19857200000,12925100000,12925100000,3431700000,2358400000,257800000,3500400000,None,-479200000,18800000,498000000,None,None,None,552700000,3028300000,594500000,None,2518600000,None,3526300000,4079000000,2496600000,3302600000,None,None,None,None,552700000,774100000,None,287600000,None,None,-2272300000,None,None,None,None,1363400000,1363400000,None,None,None,None,-2002400000,None,None,None,2025-03-19,1,0.96,0.04,4.1667,pre-market
1,2023-05-31,USD,6545800000,20094200000,13548400000,13548400000,3433800000,2690400000,257600000,3112000000,None,-382100000,14000000,396100000,None,81300000,None,546600000,3140500000,612200000,None,2528300000,None,3536600000,4083200000,2593900000,2778600000,None,None,None,None,546600000,689500000,None,-319000000,None,-346400000,-2404100000,None,None,None,None,1287900000,1287900000,None,None,None,None,-1403600000,None,28100000,None,2024-12-18,1.4,1.22,0.18,14.7541,pre-market
2,2022-05-31,USD,6402200000,18992800000,12590600000,12590600000,3475800000,2456900000,243100000,2926400000,None,-379600000,3800000,383400000,None,None,None,570300000,3209600000,586300000,None,2735000000,None,3593000000,4163300000,2707300000,3316100000,None,None,None,None,570300000,568700000,None,-85800000,None,-1690700000,-2503200000,None,None,None,None,1244500000,1244500000,None,None,None,None,-876800000,None,None,None,2024-09-18,1.07,1.06,0.01,0.9434,pre-market
3,2021-05-31,USD,6448300000,18127000000,11678700000,11678700000,3144800000,2343300000,239300000,3303500000,None,-420300000,7400000,427700000,None,117700000,None,601300000,2857400000,629100000,None,2346000000,None,3285100000,3886400000,2339800000,2983200000,None,None,None,None,601300000,530800000,None,-354700000,None,-512800000,-2715500000,None,None,None,None,1246400000,1246400000,None,None,None,None,-301400000,None,-172600000,72500000,2024-06-26,1.01,0.99,0.02,2.0202,pre-market
4,2020-05-31,USD,6129900000,17626600000,11496700000,11496700000,2953900000,2459800000,224400000,3176000000,None,-466500000,6000000,472500000,None,91100000,None,594700000,2600200000,480500000,None,2119700000,None,3072700000,3667400000,2181200000,3676200000,None,None,None,None,594700000,460800000,None,103100000,None,-486200000,-1941500000,None,None,None,None,1195800000,1195800000,None,None,None,None,-3400000,None,1227800000,-20700000,2024-03-20,1.17,1.05,0.12,11.4286,pre-market
5,2019-05-31,USD,5756800000,16865200000,11108400000,11108400000,2515900000,2334200000,221900000,3240900000,None,-521800000,5600000,527400000,None,72000000,None,620100000,2082000000,367800000,None,1714200000,None,2609400000,3229500000,1752700000,2807000000,None,None,None,None,620100000,537600000,None,53700000,None,-556500000,-2176400000,None,None,None,None,1181700000,1181700000,None,None,None,None,-1100000,None,51000000,-23100000,2023-12-20,1.25,1.16,0.09,7.7586,pre-market
6,2018-05-31,USD,5435600000,15740400000,10304800000,10304800000,2419900000,2176700000,219100000,3015700000,None,-373700000,11700000,385400000,None,84700000,None,618800000,2135600000,57300000,None,2078300000,None,2521000000,3139800000,2131000000,2841000000,None,None,None,None,618800000,622700000,None,15600000,None,-8685400000,5445500000,None,None,None,None,1139700000,1139700000,None,None,None,None,-601600000,None,-367100000,31800000,2023-09-20,1.09,1.08,0.01,0.9259,pre-market
7,2017-05-31,USD,5567800000,15619800000,10052000000,10052000000,2492100000,2888800000,218200000,3075700000,None,-295100000,7000000,302100000,None,85000000,None,603600000,2271300000,655200000,None,1616100000,None,2573400000,3177000000,1657500000,2313300000,None,None,None,None,603600000,684400000,None,-61500000,None,-646900000,-1645500000,None,None,None,None,1135100000,1135100000,None,None,None,None,-1651500000,None,2400000,-18500000,2023-06-28,1.12,1.07,0.05,4.6729,pre-market
8,2016-05-31,USD,5829500000,16563100000,10733600000,10733600000,2707400000,3114800000,222100000,3122100000,None,-303800000,8100000,311900000,None,88400000,None,608100000,2403600000,755200000,None,1648400000,None,2715500000,3323600000,1697400000,2629800000,None,None,None,None,608100000,729300000,None,-146100000,None,93400000,-2285600000,None,None,None,None,1071700000,1071700000,None,None,None,None,-606700000,None,429500000,-8100000,2023-03-23,0.97,0.93,0.04,4.3011,pre-market
9,2015-05-31,USD,5949200000,17630300000,11681100000,11681100000,2077300000,3328000000,229400000,3871900000,None,None,None,328600000,None,84300000,None,588300000,1761900000,586800000,None,1175100000,None,2090500000,2678800000,1221300000,2542800000,None,None,None,None,588300000,712400000,None,-24200000,None,-1602200000,-1384800000,None,None,None,None,1017700000,1017700000,None,None,None,None,-1161900000,None,-533100000,-88900000,2022-12-20,1.1,1.07,0.03,2.8037,pre-market
10,2014-05-31,USD,6369800000,17909600000,11539800000,11539800000,2957400000,3464000000,243600000,3412400000,None,None,None,318500000,None,89600000,None,585400000,2655000000,883300000,None,1771700000,None,2973500000,3558900000,1824400000,2541000000,None,None,None,None,585400000,663500000,None,-88300000,None,-561800000,-1824100000,None,None,None,None,983300000,983300000,None,None,None,None,-1745300000,None,125900000,-29200000,2022-09-21,1.11,1,0.11,11,pre-market
11,2013-05-31,USD,6423900000,17774100000,11350200000,11350200000,2851800000,3576000000,237900000,3572100000,None,None,None,329500000,None,98800000,None,588000000,2534900000,741200000,None,1793700000,None,2864400000,3452400000,1855200000,2926000000,None,None,None,None,588000000,613900000,None,18700000,None,-1515400000,-1140200000,None,None,None,None,867600000,867600000,None,None,None,None,-1044900000,None,270200000,-200000,2022-06-29,1.12,1.01,0.11,10.8911,pre-market
12,2012-05-31,USD,6044700000,16657900000,10613200000,10613200000,2562400000,3381000000,245400000,3482300000,None,None,None,361800000,None,88200000,None,541500000,2210500000,709600000,None,1500900000,None,2572300000,3113800000,1567300000,2402000000,None,None,None,None,541500000,675900000,None,144500000,None,-1870800000,-661400000,None,None,None,None,800100000,800100000,None,None,None,None,-313000000,None,-148400000,-18200000,2022-03-23,0.84,0.78,0.06,7.6923,pre-market
13,2011-05-31,USD,5953500000,14880200000,8926700000,8926700000,2774500000,3192000000,235000000,3179000000,None,None,None,353700000,None,96400000,None,472600000,2428200000,721100000,None,1707100000,None,2781900000,3254500000,1798300000,1526800000,None,None,None,None,472600000,648800000,None,-240000000,None,-715100000,-936600000,None,None,None,None,729400000,729400000,None,None,None,None,-1163500000,None,-53600000,71300000,2021-12-21,0.99,1.05,-0.06,-5.7143,pre-market
14,2010-05-31,USD,5800200000,14635600000,8835400000,8835400000,2606100000,3249000000,218300000,3194100000,None,None,None,368300000,None,101700000,None,457100000,2204500000,771200000,None,1433300000,None,2572800000,3029900000,1530500000,2181200000,None,None,None,None,457100000,649900000,None,-16700000,None,-721200000,-1503800000,None,None,None,None,643700000,643700000,None,None,None,None,-691800000,None,-76600000,-32800000,2021-09-22,0.99,0.89,0.1,11.236,pre-market
15,2009-05-31,USD,5233500000,14691300000,9457800000,9457800000,2325000000,2953900000,208200000,2908500000,None,None,None,404400000,None,None,None,453600000,1942200000,720400000,None,None,None,2346600000,2800200000,1304400000,1828200000,None,None,None,None,453600000,562600000,None,-28100000,None,None,-1404500000,None,None,None,None,579500000,579500000,None,None,None,None,-1296400000,None,None,None,2021-06-30,0.91,0.85,0.06,7.0588,pre-market
16,2008-05-31,USD,4873800000,13652100000,8778300000,8778300000,2227800000,2625000000,204700000,2646000000,None,None,None,421700000,None,None,None,459200000,1806100000,622200000,None,None,None,2227800000,2687000000,1294700000,1729900000,None,None,None,None,459200000,522000000,None,-165100000,None,None,-1093000000,None,None,None,None,529700000,529700000,None,None,None,None,-2425400000,None,None,None,2021-03-24,0.82,0.84,-0.02,-2.381,pre-market
17,2007-05-31,USD,4486400000,12441500000,7955100000,7955100000,2057800000,2390000000,191000000,2428600000,None,None,None,426500000,None,None,None,417800000,1631300000,560100000,None,None,None,2057800000,2475600000,1143900000,1765000000,None,None,None,None,418000000,460000000,None,-116000000,None,None,-1398000000,None,None,None,None,506000000,506000000,None,None,None,None,-1320700000,None,None,None,2020-12-17,1.06,0.97,0.09,9.2784,pre-market
18,2006-05-31,USD,4166500000,11711300000,7544800000,7544800000,1959000000,2678000000,173000000,2207500000,None,None,None,426400000,None,None,None,423900000,1559400000,538300000,None,None,None,1985800000,2409700000,1090300000,1771000000,None,None,None,None,424000000,360000000,None,-6000000,None,None,-1405000000,None,None,None,None,485000000,485000000,None,None,None,None,-885000000,None,None,None,2020-09-23,1,0.87,0.13,14.9425,pre-market
19,2005-05-31,USD,3982000000,11308000000,7326000000,7326000000,1900000000,2418000000,168000000,2082000000,None,None,None,485000000,None,None,None,443000000,1807000000,661000000,None,None,None,2292000000,2735000000,1240000000,1711000000,None,None,None,None,443000000,414000000,None,30000000,None,496000000,-2385000000,None,None,None,None,461000000,461000000,None,None,None,None,-771000000,None,None,None,2020-07-01,1.1,1.06,0.04,3.7736,pre-market
20,,,,,,,,,,,,,,,,,,,,,,,,,,,,,,,,,,,,,,,,,,,,,,,,,,,,,2020-03-18,0.77,0.76,0.01,1.3158,pre-market
21,,,,,,,,,,,,,,,,,,,,,,,,,,,,,,,,,,,,,,,,,,,,,,,,,,,,,2019-12-18,0.95,0.88,0.07,7.9545,pre-market
22,,,,,,,,,,,,,,,,,,,,,,,,,,,,,,,,,,,,,,,,,,,,,,,,,,,,,2019-09-18,0.79,0.77,0.02,2.5974,pre-market
23,,,,,,,,,,,,,,,,,,,,,,,,,,,,,,,,,,,,,,,,,,,,,,,,,,,,,2019-06-26,0.83,0.77,0.06,7.7922,pre-market
24,,,,,,,,,,,,,,,,,,,,,,,,,,,,,,,,,,,,,,,,,,,,,,,,,,,,,2019-03-20,0.83,0.69,0.14,20.2899,pre-market
25,,,,,,,,,,,,,,,,,,,,,,,,,,,,,,,,,,,,,,,,,,,,,,,,,,,,,2018-12-19,0.85,0.81,0.04,4.9383,pre-market
26,,,,,,,,,,,,,,,,,,,,,,,,,,,,,,,,,,,,,,,,,,,,,,,,,,,,,2018-09-18,0.71,0.64,0.07,10.9375,pre-market
27,,,,,,,,,,,,,,,,,,,,,,,,,,,,,,,,,,,,,,,,,,,,,,,,,,,,,2018-06-27,0.79,0.72,0.07,9.7222,pre-market
28,,,,,,,,,,,,,,,,,,,,,,,,,,,,,,,,,,,,,,,,,,,,,,,,,,,,,2018-03-21,0.79,0.78,0.01,1.2821,pre-market
29,,,,,,,,,,,,,,,,,,,,,,,,,,,,,,,,,,,,,,,,,,,,,,,,,,,,,2017-12-20,0.82,0.82,0,0,pre-market
30,,,,,,,,,,,,,,,,,,,,,,,,,,,,,,,,,,,,,,,,,,,,,,,,,,,,,2017-09-20,0.71,0.76,-0.05,-6.5789,pre-market
31,,,,,,,,,,,,,,,,,,,,,,,,,,,,,,,,,,,,,,,,,,,,,,,,,,,,,2017-06-28,0.73,0.71,0.02,2.8169,pre-market
32,,,,,,,,,,,,,,,,,,,,,,,,,,,,,,,,,,,,,,,,,,,,,,,,,,,,,2017-03-21,0.72,0.71,0.01,1.4085,pre-market
33,,,,,,,,,,,,,,,,,,,,,,,,,,,,,,,,,,,,,,,,,,,,,,,,,,,,,2016-12-20,0.85,0.86,-0.01,-1.1628,pre-market
34,,,,,,,,,,,,,,,,,,,,,,,,,,,,,,,,,,,,,,,,,,,,,,,,,,,,,2016-09-21,0.78,0.75,0.03,4,pre-market
35,,,,,,,,,,,,,,,,,,,,,,,,,,,,,,,,,,,,,,,,,,,,,,,,,,,,,2016-06-29,0.66,0.6,0.06,10,pre-market
36,,,,,,,,,,,,,,,,,,,,,,,,,,,,,,,,,,,,,,,,,,,,,,,,,,,,,2016-03-23,0.65,0.62,0.03,4.8387,pre-market
37,,,,,,,,,,,,,,,,,,,,,,,,,,,,,,,,,,,,,,,,,,,,,,,,,,,,,2015-12-17,0.82,0.83,-0.01,-1.2048,pre-market
38,,,,,,,,,,,,,,,,,,,,,,,,,,,,,,,,,,,,,,,,,,,,,,,,,,,,,2015-09-22,0.79,0.69,0.1,14.4928,pre-market
39,,,,,,,,,,,,,,,,,,,,,,,,,,,,,,,,,,,,,,,,,,,,,,,,,,,,,2015-07-01,0.75,0.71,0.04,5.6338,pre-market
40,,,,,,,,,,,,,,,,,,,,,,,,,,,,,,,,,,,,,,,,,,,,,,,,,,,,,2015-03-18,0.7,0.67,0.03,4.4776,pre-market
41,,,,,,,,,,,,,,,,,,,,,,,,,,,,,,,,,,,,,,,,,,,,,,,,,,,,,2014-12-17,0.8,0.77,0.03,3.8961,pre-market
42,,,,,,,,,,,,,,,,,,,,,,,,,,,,,,,,,,,,,,,,,,,,,,,,,,,,,2014-09-17,0.61,0.69,-0.08,-11.5942,pre-market
43,,,,,,,,,,,,,,,,,,,,,,,,,,,,,,,,,,,,,,,,,,,,,,,,,,,,,2014-06-25,0.67,0.72,-0.05,-6.9444,pre-market
44,,,,,,,,,,,,,,,,,,,,,,,,,,,,,,,,,,,,,,,,,,,,,,,,,,,,,2014-03-19,0.62,0.64,-0.02,-3.125,pre-market
45,,,,,,,,,,,,,,,,,,,,,,,,,,,,,,,,,,,,,,,,,,,,,,,,,,,,,2013-12-18,0.83,0.88,-0.05,-5.6818,pre-market
46,,,,,,,,,,,,,,,,,,,,,,,,,,,,,,,,,,,,,,,,,,,,,,,,,,,,,2013-09-18,0.7,0.7,0,0,pre-market
47,,,,,,,,,,,,,,,,,,,,,,,,,,,,,,,,,,,,,,,,,,,,,,,,,,,,,2013-06-26,0.53,0.53,0,0,pre-market
48,,,,,,,,,,,,,,,,,,,,,,,,,,,,,,,,,,,,,,,,,,,,,,,,,,,,,2013-03-20,0.64,0.57,0.07,12.2807,pre-market
49,,,,,,,,,,,,,,,,,,,,,,,,,,,,,,,,,,,,,,,,,,,,,,,,,,,,,2012-12-19,0.86,0.79,0.07,8.8608,pre-market
50,,,,,,,,,,,,,,,,,,,,,,,,,,,,,,,,,,,,,,,,,,,,,,,,,,,,,2012-09-19,0.66,0.62,0.04,6.4516,pre-market
51,,,,,,,,,,,,,,,,,,,,,,,,,,,,,,,,,,,,,,,,,,,,,,,,,,,,,2012-06-27,0.6,0.59,0.01,1.6949,pre-market
52,,,,,,,,,,,,,,,,,,,,,,,,,,,,,,,,,,,,,,,,,,,,,,,,,,,,,2012-03-21,0.55,0.55,0,0,pre-market
53,,,,,,,,,,,,,,,,,,,,,,,,,,,,,,,,,,,,,,,,,,,,,,,,,,,,,2011-12-20,0.76,0.79,-0.03,-3.7975,pre-market
54,,,,,,,,,,,,,,,,,,,,,,,,,,,,,,,,,,,,,,,,,,,,,,,,,,,,,2011-09-21,0.64,0.62,0.02,3.2258,pre-market
55,,,,,,,,,,,,,,,,,,,,,,,,,,,,,,,,,,,,,,,,,,,,,,,,,,,,,2011-06-29,0.52,0.52,0,0,pre-market
56,,,,,,,,,,,,,,,,,,,,,,,,,,,,,,,,,,,,,,,,,,,,,,,,,,,,,2011-03-23,0.56,0.56,0,0,pre-market
57,,,,,,,,,,,,,,,,,,,,,,,,,,,,,,,,,,,,,,,,,,,,,,,,,,,,,2010-12-16,0.76,0.78,-0.02,-2.5641,pre-market
58,,,,,,,,,,,,,,,,,,,,,,,,,,,,,,,,,,,,,,,,,,,,,,,,,,,,,2010-09-22,0.64,0.63,0.01,1.5873,pre-market
59,,,,,,,,,,,,,,,,,,,,,,,,,,,,,,,,,,,,,,,,,,,,,,,,,,,,,2010-06-29,0.41,0.41,0,0,pre-market
60,,,,,,,,,,,,,,,,,,,,,,,,,,,,,,,,,,,,,,,,,,,,,,,,,,,,,2010-03-24,0.49,0.47,0.02,4.2553,pre-market
61,,,,,,,,,,,,,,,,,,,,,,,,,,,,,,,,,,,,,,,,,,,,,,,,,,,,,2009-12-17,0.77,0.72,0.05,6.9444,pre-market
62,,,,,,,,,,,,,,,,,,,,,,,,,,,,,,,,,,,,,,,,,,,,,,,,,,,,,2009-09-23,0.64,0.51,0.13,25.4902,pre-market
63,,,,,,,,,,,,,,,,,,,,,,,,,,,,,,,,,,,,,,,,,,,,,,,,,,,,,2009-07-01,0.43,0.4,0.03,7.5,pre-market
64,,,,,,,,,,,,,,,,,,,,,,,,,,,,,,,,,,,,,,,,,,,,,,,,,,,,,2009-03-18,0.4,0.44,-0.04,-9.0909,pre-market
65,,,,,,,,,,,,,,,,,,,,,,,,,,,,,,,,,,,,,,,,,,,,,,,,,,,,,2008-12-17,0.68,0.61,0.07,11.4754,pre-market
66,,,,,,,,,,,,,,,,,,,,,,,,,,,,,,,,,,,,,,,,,,,,,,,,,,,,,2008-09-17,0.48,0.44,0.04,9.0909,pre-market
67,,,,,,,,,,,,,,,,,,,,,,,,,,,,,,,,,,,,,,,,,,,,,,,,,,,,,2008-06-25,0.37,0.36,0.01,2.7778,pre-market
68,,,,,,,,,,,,,,,,,,,,,,,,,,,,,,,,,,,,,,,,,,,,,,,,,,,,,2008-03-19,0.44,0.39,0.05,12.8205,pre-market
69,,,,,,,,,,,,,,,,,,,,,,,,,,,,,,,,,,,,,,,,,,,,,,,,,,,,,2007-12-19,0.57,0.64,-0.07,-10.9375,pre-market
70,,,,,,,,,,,,,,,,,,,,,,,,,,,,,,,,,,,,,,,,,,,,,,,,,,,,,2007-09-19,0.41,0.4,0.01,2.5,pre-market
71,,,,,,,,,,,,,,,,,,,,,,,,,,,,,,,,,,,,,,,,,,,,,,,,,,,,,2007-06-28,0.31,0.31,0,0,pre-market
72,,,,,,,,,,,,,,,,,,,,,,,,,,,,,,,,,,,,,,,,,,,,,,,,,,,,,2007-03-22,0.37,0.35,0.02,5.7143,pre-market
73,,,,,,,,,,,,,,,,,,,,,,,,,,,,,,,,,,,,,,,,,,,,,,,,,,,,,2006-12-21,0.54,0.52,0.02,3.8462,pre-market
74,,,,,,,,,,,,,,,,,,,,,,,,,,,,,,,,,,,,,,,,,,,,,,,,,,,,,2006-09-21,0.37,0.33,0.04,12.1212,pre-market
75,,,,,,,,,,,,,,,,,,,,,,,,,,,,,,,,,,,,,,,,,,,,,,,,,,,,,2006-06-29,0.31,0.31,0,0,pre-market
76,,,,,,,,,,,,,,,,,,,,,,,,,,,,,,,,,,,,,,,,,,,,,,,,,,,,,2006-03-23,0.35,0.32,0.03,9.375,pre-market
77,,,,,,,,,,,,,,,,,,,,,,,,,,,,,,,,,,,,,,,,,,,,,,,,,,,,,2005-12-22,0.51,0.48,0.03,6.25,pre-market
78,,,,,,,,,,,,,,,,,,,,,,,,,,,,,,,,,,,,,,,,,,,,,,,,,,,,,2005-09-22,0.34,0.28,0.06,21.4286,pre-market
79,,,,,,,,,,,,,,,,,,,,,,,,,,,,,,,,,,,,,,,,,,,,,,,,,,,,,2005-06-29,0.32,0.33,-0.01,-3.0303,pre-market
80,,,,,,,,,,,,,,,,,,,,,,,,,,,,,,,,,,,,,,,,,,,,,,,,,,,,,2005-03-22,0.37,0.35,0.02,5.7143,pre-market
81,,,,,,,,,,,,,,,,,,,,,,,,,,,,,,,,,,,,,,,,,,,,,,,,,,,,,2004-12-21,0.5,0.43,0.07,16.2791,pre-market
82,,,,,,,,,,,,,,,,,,,,,,,,,,,,,,,,,,,,,,,,,,,,,,,,,,,,,2004-09-21,0.28,0.3,-0.02,-6.6667,pre-market
83,,,,,,,,,,,,,,,,,,,,,,,,,,,,,,,,,,,,,,,,,,,,,,,,,,,,,2004-06-30,0.37,0.36,0.01,2.7778,pre-market
84,,,,,,,,,,,,,,,,,,,,,,,,,,,,,,,,,,,,,,,,,,,,,,,,,,,,,2004-03-16,0.32,0.33,-0.01,-3.0303,pre-market
85,,,,,,,,,,,,,,,,,,,,,,,,,,,,,,,,,,,,,,,,,,,,,,,,,,,,,2003-12-17,0.43,0.43,0,0,pre-market
86,,,,,,,,,,,,,,,,,,,,,,,,,,,,,,,,,,,,,,,,,,,,,,,,,,,,,2003-09-16,0.31,0.31,0,0,pre-market
87,,,,,,,,,,,,,,,,,,,,,,,,,,,,,,,,,,,,,,,,,,,,,,,,,,,,,2003-06-25,0.32,0.32,0,0,pre-market
88,,,,,,,,,,,,,,,,,,,,,,,,,,,,,,,,,,,,,,,,,,,,,,,,,,,,,2003-03-19,0.34,0.33,0.01,3.0303,pre-market
89,,,,,,,,,,,,,,,,,,,,,,,,,,,,,,,,,,,,,,,,,,,,,,,,,,,,,2002-12-18,0.39,0.37,0.02,5.4054,pre-market
90,,,,,,,,,,,,,,,,,,,,,,,,,,,,,,,,,,,,,,,,,,,,,,,,,,,,,2002-09-18,0.28,0.26,0.02,7.6923,pre-market
91,,,,,,,,,,,,,,,,,,,,,,,,,,,,,,,,,,,,,,,,,,,,,,,,,,,,,2002-06-26,0.13,0.13,0,0,pre-market
92,,,,,,,,,,,,,,,,,,,,,,,,,,,,,,,,,,,,,,,,,,,,,,,,,,,,,2002-03-20,0.14,0.14,0,0,pre-market
93,,,,,,,,,,,,,,,,,,,,,,,,,,,,,,,,,,,,,,,,,,,,,,,,,,,,,2001-12-19,0.32,0.32,0,0,pre-market
94,,,,,,,,,,,,,,,,,,,,,,,,,,,,,,,,,,,,,,,,,,,,,,,,,,,,,2001-09-17,0.31,0.29,0.02,6.8966,pre-market
95,,,,,,,,,,,,,,,,,,,,,,,,,,,,,,,,,,,,,,,,,,,,,,,,,,,,,2001-06-27,0.21,0.21,0,0,pre-market
96,,,,,,,,,,,,,,,,,,,,,,,,,,,,,,,,,,,,,,,,,,,,,,,,,,,,,2001-03-14,0.27,0.27,0,0,pre-market
97,,,,,,,,,,,,,,,,,,,,,,,,,,,,,,,,,,,,,,,,,,,,,,,,,,,,,2000-12-13,0.34,0.34,0,0,pre-market
98,,,,,,,,,,,,,,,,,,,,,,,,,,,,,,,,,,,,,,,,,,,,,,,,,,,,,2000-09-14,0.28,0.27,0.01,3.7037,pre-market
99,,,,,,,,,,,,,,,,,,,,,,,,,,,,,,,,,,,,,,,,,,,,,,,,,,,,,2000-06-27,0.19,0.18,0.01,5.5556,pre-market
100,,,,,,,,,,,,,,,,,,,,,,,,,,,,,,,,,,,,,,,,,,,,,,,,,,,,,2000-03-15,0.25,0.25,0,0,pre-market
101,,,,,,,,,,,,,,,,,,,,,,,,,,,,,,,,,,,,,,,,,,,,,,,,,,,,,1999-12-15,0.31,0.31,0,0,pre-market
102,,,,,,,,,,,,,,,,,,,,,,,,,,,,,,,,,,,,,,,,,,,,,,,,,,,,,1999-09-16,0.25,0.25,0,0,pre-market
103,,,,,,,,,,,,,,,,,,,,,,,,,,,,,,,,,,,,,,,,,,,,,,,,,,,,,1999-06-29,0.17,0.16,0.01,6.25,pre-market
104,,,,,,,,,,,,,,,,,,,,,,,,,,,,,,,,,,,,,,,,,,,,,,,,,,,,,1999-03-17,0.22,0.22,0,0,pre-market
105,,,,,,,,,,,,,,,,,,,,,,,,,,,,,,,,,,,,,,,,,,,,,,,,,,,,,1998-12-15,0.28,0.28,0,0,pre-market
106,,,,,,,,,,,,,,,,,,,,,,,,,,,,,,,,,,,,,,,,,,,,,,,,,,,,,1998-09-16,0.23,0.23,0,0,pre-market
107,,,,,,,,,,,,,,,,,,,,,,,,,,,,,,,,,,,,,,,,,,,,,,,,,,,,,1998-06-30,0.15,0.14,0.01,7.1429,pre-market
108,,,,,,,,,,,,,,,,,,,,,,,,,,,,,,,,,,,,,,,,,,,,,,,,,,,,,1998-03-11,0.2,0.21,-0.01,-4.7619,pre-market
109,,,,,,,,,,,,,,,,,,,,,,,,,,,,,,,,,,,,,,,,,,,,,,,,,,,,,1997-12-11,0.26,0.26,0,0,pre-market
110,,,,,,,,,,,,,,,,,,,,,,,,,,,,,,,,,,,,,,,,,,,,,,,,,,,,,1997-09-12,0.21,0.21,0,0,pre-market
111,,,,,,,,,,,,,,,,,,,,,,,,,,,,,,,,,,,,,,,,,,,,,,,,,,,,,1997-06-26,0.09,0.11,-0.02,-18.1818,pre-market
112,,,,,,,,,,,,,,,,,,,,,,,,,,,,,,,,,,,,,,,,,,,,,,,,,,,,,1997-03-12,0.19,0.2,-0.01,-5,pre-market
113,,,,,,,,,,,,,,,,,,,,,,,,,,,,,,,,,,,,,,,,,,,,,,,,,,,,,1996-12-12,0.25,0.24,0.01,4.1667,pre-market
114,,,,,,,,,,,,,,,,,,,,,,,,,,,,,,,,,,,,,,,,,,,,,,,,,,,,,1996-09-16,0.2,0.2,0,0,pre-market
115,,,,,,,,,,,,,,,,,,,,,,,,,,,,,,,,,,,,,,,,,,,,,,,,,,,,,1996-06-26,0.12,0.12,0,0,pre-market
