,fiscalDateEnding,reportedCurrency,grossProfit,totalRevenue,costOfRevenue,costofGoodsAndServicesSold,operatingIncome,sellingGeneralAndAdministrative,researchAndDevelopment,operatingExpenses,investmentIncomeNet,netInterestIncome,interestIncome,interestExpense,nonInterestIncome,otherNonOperatingIncome,depreciation,depreciationAndAmortization,incomeBeforeTax,incomeTaxExpense,interestAndDebtExpense,netIncomeFromContinuingOperations,comprehensiveIncomeNetOfTax,ebit,ebitda,netIncome,operatingCashflow,paymentsForOperatingActivities,proceedsFromOperatingActivities,changeInOperatingLiabilities,changeInOperatingAssets,depreciationDepletionAndAmortization,capitalExpenditures,changeInReceivables,changeInInventory,profitLoss,cashflowFromInvestment,cashflowFromFinancing,proceedsFromRepaymentsOfShortTermDebt,paymentsForRepurchaseOfCommonStock,paymentsForRepurchaseOfEquity,paymentsForRepurchaseOfPreferredStock,dividendPayout,dividendPayoutCommonStock,dividendPayoutPreferredStock,proceedsFromIssuanceOfCommonStock,proceedsFromIssuanceOfLongTermDebtAndCapitalSecuritiesNet,proceedsFromIssuanceOfPreferredStock,proceedsFromRepurchaseOfEquity,proceedsFromSaleOfTreasuryStock,changeInCashAndCashEquivalents,changeInExchangeRate,reportedDate,reportedEPS,estimatedEPS,surprise,surprisePercentage,reportTime
0,2024-12-31,USD,168955000,493271000,324316000,324316000,-27778000,50824000,None,196733000,None,-8381000,None,8381000,None,None,None,29066000,-36159000,54000,None,-36213000,None,-27778000,1288000,-36213000,7561000,None,None,None,None,29066000,28767000,None,-702000,None,None,17289000,None,None,None,None,None,None,None,None,None,None,0,None,None,None,2025-05-15,-0.2,-0.11,-0.09,-81.8182,post-market
1,2023-12-31,USD,84211000,503405000,419194000,419194000,-5029000,51833000,None,89240000,None,-3985000,None,4803000,None,None,None,26792000,-9832000,24000,None,-2744000,None,-5029000,21763000,-9856000,27495000,None,None,None,None,26792000,52043000,None,-303000,None,None,25795000,None,None,None,None,None,None,None,None,None,None,-4981000,None,None,None,2025-03-05,-0.15,-0.1233,-0.0267,-21.6545,post-market
2,2022-12-31,USD,80165000,509480000,429315000,429315000,5332000,49903000,None,74833000,None,-2445000,None,2445000,None,None,None,23268000,-3277000,37000,None,-3314000,None,-832000,22436000,-3314000,9557000,None,None,None,None,23268000,33886000,-2576000,-743000,None,-32309000,22020000,None,None,None,None,None,None,None,None,None,None,0,None,-732000,None,2024-11-06,-0.12,-0.06,-0.06,-100,post-market
3,2021-12-31,USD,82077000,475152000,393075000,393075000,11544000,48200000,None,70533000,None,-2082000,None,2082000,None,None,None,22333000,3735000,70000,None,3665000,None,5817000,28150000,3665000,36165000,None,None,None,None,22333000,18776000,-491000,-382000,None,-18370000,-23380000,None,None,None,None,None,None,None,None,None,None,0,None,-5585000,None,2024-08-07,-0.05,-0.05,0,0,post-market
4,2020-12-31,USD,51539000,393655000,342116000,342116000,-13489000,43319000,None,65028000,None,-3146000,None,3146000,None,None,None,21709000,-23175000,84000,None,-23259000,None,-20029000,1680000,-23259000,9124000,None,None,None,None,21709000,11782000,None,61000,None,-10945000,-798000,None,None,None,None,None,None,None,None,None,None,None,None,-2619000,None,2024-05-08,-0.13,-0.17,0.04,23.5294,post-market
5,2019-12-31,USD,79120000,462411000,383291000,383291000,13186000,43848000,None,65934000,None,-2942000,2942000,2942000,None,-746000,None,22086000,1751000,104000,None,1647000,None,4693000,26779000,1647000,30060000,None,None,None,None,22086000,18791000,None,-625000,None,-18439000,-5817000,None,None,None,None,None,None,None,None,None,None,-252000,None,5804000,None,2024-03-07,-0.07,-0.01,-0.06,-600,post-market
6,2018-12-31,USD,72398000,457841000,385443000,385443000,-3758000,46092000,None,69014000,None,-4305000,None,4305000,None,-626000,None,22872000,-8689000,-248000,None,-8441000,None,-4384000,18488000,-8441000,5346000,None,None,None,None,22872000,14338000,None,-541000,None,-13838000,9786000,None,None,None,None,None,None,None,None,None,None,23741000,None,1294000,None,2023-11-07,0.04,-0.01,0.05,500,post-market
7,2017-12-31,USD,68890000,456492000,387602000,387602000,-33850000,39746000,None,65294000,None,-3839000,None,3839000,None,None,None,24613000,-37689000,-207000,None,-37482000,None,-33850000,-9237000,-45449000,4102000,None,None,None,None,24613000,20828000,None,-387000,None,-20828000,18265000,None,None,None,None,None,None,None,None,None,None,45782000,None,1524000,-15000,2023-08-09,-0.02,0.06,-0.08,-133.3333,post-market
8,2016-12-31,USD,66702000,487474000,420772000,420772000,-67528000,55654000,0,86919000,None,-2916000,None,2916000,None,None,None,28134000,-70444000,1233000,None,-71677000,None,-67528000,-39394000,-71677000,24737000,None,None,None,None,28134000,43335000,None,-790000,None,-42757000,17904000,None,None,None,None,0,0,None,None,None,None,1100000,None,-75000,41000,2023-05-10,-0.05,-0.08,0.03,37.5,post-market
9,2015-12-31,USD,78002000,455451000,377449000,377449000,-21067000,37244000,0,69453000,None,None,1432000,1432000,None,None,None,27802000,-22499000,-8734000,None,-13765000,None,-21067000,6735000,-13765000,44506000,None,None,None,None,27802000,50721000,None,-1058000,None,-50721000,6355000,None,None,None,None,0,0,None,None,None,None,-35000000,None,6000,-134000,2023-03-08,0.03,0.03,0,0,post-market
10,2014-12-31,USD,80912000,403741000,322829000,322829000,18915000,31394000,0,60606000,None,None,None,365000,None,None,None,24787000,18550000,7122000,None,11428000,None,18915000,43702000,11428000,49027000,None,None,None,None,24787000,72060000,None,-1840000,None,-72060000,23971000,None,None,None,None,0,0,None,None,None,None,-71000,None,938000,None,2022-11-03,0.04,0.05,-0.01,-20,post-market
11,2013-12-31,USD,75741000,350924000,275183000,275183000,14252000,35893000,0,60325000,None,None,None,2196000,None,-624000,None,20623000,11432000,4767000,None,6665000,None,13628000,34251000,6665000,43634000,None,None,None,None,20623000,54429000,None,-1181000,None,-54429000,11182000,None,None,None,None,138339000,138339000,None,None,None,None,-2777000,None,387000,None,2022-07-27,0.05,0.07,-0.02,-28.5714,post-market
12,2012-12-31,USD,63414000,300410000,236996000,236996000,16052000,29365000,None,46084000,None,None,None,5028000,None,None,None,16719000,8378000,3215000,None,None,None,13406000,30125000,5163000,32069000,None,None,None,None,16719000,47384000,None,-1447000,None,None,15373000,None,None,None,None,None,None,None,None,None,None,-48000,None,None,None,2022-04-27,-0.13,-0.17,0.04,23.5294,post-market
13,2011-12-31,USD,56936000,256066000,199130000,199130000,12016000,28790000,None,43291000,None,None,None,6132000,None,None,None,14501000,5609000,1780000,None,None,None,11741000,26242000,3829000,27922000,None,None,None,None,14501000,30047000,None,-680000,None,None,-10654000,None,None,None,None,None,None,None,None,None,None,-133000,None,None,None,2022-02-23,-0.05,0.08,-0.13,-162.5,post-market
14,2010-12-31,USD,47587000,220832000,173245000,173245000,3831000,27009000,None,40941000,None,None,None,1819000,None,None,None,13932000,2012000,-366000,None,None,None,6646000,20578000,2378000,24605000,None,None,None,None,13932000,26933000,None,-572000,None,None,15215000,None,None,None,None,None,None,None,None,None,None,None,None,None,None,2021-10-27,0.12,0.09,0.03,33.3333,post-market
15,,,,,,,,,,,,,,,,,,,,,,,,,,,,,,,,,,,,,,,,,,,,,,,,,,,,,2021-08-03,0.1,0.11,-0.01,-9.0909,post-market
16,,,,,,,,,,,,,,,,,,,,,,,,,,,,,,,,,,,,,,,,,,,,,,,,,,,,,2021-04-29,-0.02,-0.01,-0.01,-100,post-market
17,,,,,,,,,,,,,,,,,,,,,,,,,,,,,,,,,,,,,,,,,,,,,,,,,,,,,2021-02-26,-0.04,0.01,-0.05,-500,pre-market
18,,,,,,,,,,,,,,,,,,,,,,,,,,,,,,,,,,,,,,,,,,,,,,,,,,,,,2020-10-28,0.01,0.002,0.008,400,post-market
19,,,,,,,,,,,,,,,,,,,,,,,,,,,,,,,,,,,,,,,,,,,,,,,,,,,,,2020-08-06,-0.18,-0.21,0.03,14.2857,post-market
20,,,,,,,,,,,,,,,,,,,,,,,,,,,,,,,,,,,,,,,,,,,,,,,,,,,,,2020-05-06,-0.09,-0.07,-0.02,-28.5714,post-market
21,,,,,,,,,,,,,,,,,,,,,,,,,,,,,,,,,,,,,,,,,,,,,,,,,,,,,2020-02-26,0.07,0.06,0.01,16.6667,post-market
22,,,,,,,,,,,,,,,,,,,,,,,,,,,,,,,,,,,,,,,,,,,,,,,,,,,,,2019-11-07,0.09,0.07,0.02,28.5714,post-market
23,,,,,,,,,,,,,,,,,,,,,,,,,,,,,,,,,,,,,,,,,,,,,,,,,,,,,2019-08-06,0.05,0.05,0,0,post-market
24,,,,,,,,,,,,,,,,,,,,,,,,,,,,,,,,,,,,,,,,,,,,,,,,,,,,,2019-05-09,-0.03,-0.05,0.02,40,post-market
25,,,,,,,,,,,,,,,,,,,,,,,,,,,,,,,,,,,,,,,,,,,,,,,,,,,,,2019-03-14,0.01,0.03,-0.02,-66.6667,post-market
26,,,,,,,,,,,,,,,,,,,,,,,,,,,,,,,,,,,,,,,,,,,,,,,,,,,,,2018-10-23,0.04,0.04,0,0,post-market
27,,,,,,,,,,,,,,,,,,,,,,,,,,,,,,,,,,,,,,,,,,,,,,,,,,,,,2018-07-18,0.01,0.02,-0.01,-50,post-market
28,,,,,,,,,,,,,,,,,,,,,,,,,,,,,,,,,,,,,,,,,,,,,,,,,,,,,2018-05-10,-0.04,-0.03,-0.01,-33.3333,post-market
29,,,,,,,,,,,,,,,,,,,,,,,,,,,,,,,,,,,,,,,,,,,,,,,,,,,,,2018-03-14,0.01,-0.01,0.02,200,post-market
30,,,,,,,,,,,,,,,,,,,,,,,,,,,,,,,,,,,,,,,,,,,,,,,,,,,,,2017-11-09,0.02,0.02,0,0,post-market
31,,,,,,,,,,,,,,,,,,,,,,,,,,,,,,,,,,,,,,,,,,,,,,,,,,,,,2017-08-10,0.01,0.02,-0.01,-50,post-market
32,,,,,,,,,,,,,,,,,,,,,,,,,,,,,,,,,,,,,,,,,,,,,,,,,,,,,2017-05-09,-0.08,-0.07,-0.01,-14.2857,post-market
33,,,,,,,,,,,,,,,,,,,,,,,,,,,,,,,,,,,,,,,,,,,,,,,,,,,,,2017-03-01,-0.04,-0.06,0.02,33.3333,post-market
34,,,,,,,,,,,,,,,,,,,,,,,,,,,,,,,,,,,,,,,,,,,,,,,,,,,,,2016-11-03,-0.04,-0.04,0,0,post-market
35,,,,,,,,,,,,,,,,,,,,,,,,,,,,,,,,,,,,,,,,,,,,,,,,,,,,,2016-08-04,-0.03,-0.01,-0.02,-200,post-market
36,,,,,,,,,,,,,,,,,,,,,,,,,,,,,,,,,,,,,,,,,,,,,,,,,,,,,2016-05-03,-0.06,-0.06,0,0,post-market
37,,,,,,,,,,,,,,,,,,,,,,,,,,,,,,,,,,,,,,,,,,,,,,,,,,,,,2016-02-25,-0.06,0.0034,-0.0634,-1864.7059,post-market
38,,,,,,,,,,,,,,,,,,,,,,,,,,,,,,,,,,,,,,,,,,,,,,,,,,,,,2015-11-05,-0.3476,0.06,-0.4076,-679.3333,pre-market
39,,,,,,,,,,,,,,,,,,,,,,,,,,,,,,,,,,,,,,,,,,,,,,,,,,,,,2015-08-06,0.1,0.12,-0.02,-16.6667,post-market
40,,,,,,,,,,,,,,,,,,,,,,,,,,,,,,,,,,,,,,,,,,,,,,,,,,,,,2015-05-05,0.03,0.05,-0.02,-40,post-market
41,,,,,,,,,,,,,,,,,,,,,,,,,,,,,,,,,,,,,,,,,,,,,,,,,,,,,2015-02-19,0.13,0.14,-0.01,-7.1429,post-market
42,,,,,,,,,,,,,,,,,,,,,,,,,,,,,,,,,,,,,,,,,,,,,,,,,,,,,2014-11-05,0.11,0.1,0.01,10,post-market
43,,,,,,,,,,,,,,,,,,,,,,,,,,,,,,,,,,,,,,,,,,,,,,,,,,,,,2014-08-13,0.11,0.14,-0.03,-21.4286,pre-market
44,,,,,,,,,,,,,,,,,,,,,,,,,,,,,,,,,,,,,,,,,,,,,,,,,,,,,2014-04-29,0.05,0.06,-0.01,-16.6667,pre-market
45,,,,,,,,,,,,,,,,,,,,,,,,,,,,,,,,,,,,,,,,,,,,,,,,,,,,,2014-02-26,0.11,0.12,-0.01,-8.3333,pre-market
46,,,,,,,,,,,,,,,,,,,,,,,,,,,,,,,,,,,,,,,,,,,,,,,,,,,,,2013-11-06,0.11,0.11,0,0,pre-market
47,,,,,,,,,,,,,,,,,,,,,,,,,,,,,,,,,,,,,,,,,,,,,,,,,,,,,2013-08-08,0.13,0.12,0.01,8.3333,pre-market
