,fiscalDateEnding,reportedCurrency,grossProfit,totalRevenue,costOfRevenue,costofGoodsAndServicesSold,operatingIncome,sellingGeneralAndAdministrative,researchAndDevelopment,operatingExpenses,investmentIncomeNet,netInterestIncome,interestIncome,interestExpense,nonInterestIncome,otherNonOperatingIncome,depreciation,depreciationAndAmortization,incomeBeforeTax,incomeTaxExpense,interestAndDebtExpense,netIncomeFromContinuingOperations,comprehensiveIncomeNetOfTax,ebit,ebitda,netIncome,operatingCashflow,paymentsForOperatingActivities,proceedsFromOperatingActivities,changeInOperatingLiabilities,changeInOperatingAssets,depreciationDepletionAndAmortization,capitalExpenditures,changeInReceivables,changeInInventory,profitLoss,cashflowFromInvestment,cashflowFromFinancing,proceedsFromRepaymentsOfShortTermDebt,paymentsForRepurchaseOfCommonStock,paymentsForRepurchaseOfEquity,paymentsForRepurchaseOfPreferredStock,dividendPayout,dividendPayoutCommonStock,dividendPayoutPreferredStock,proceedsFromIssuanceOfCommonStock,proceedsFromIssuanceOfLongTermDebtAndCapitalSecuritiesNet,proceedsFromIssuanceOfPreferredStock,proceedsFromRepurchaseOfEquity,proceedsFromSaleOfTreasuryStock,changeInCashAndCashEquivalents,changeInExchangeRate,reportedDate,reportedEPS,estimatedEPS,surprise,surprisePercentage,reportTime
0,2024-12-31,USD,573918000,1252608000,678690000,678690000,3038000,242116000,None,570880000,None,-2045000,None,2045000,None,None,None,104606000,14244000,3424000,None,10820000,None,16289000,120895000,10207000,171155000,None,None,None,None,104606000,135499000,None,-610000,None,None,-9017000,None,None,None,None,None,None,None,None,None,None,None,None,None,None,2025-04-30,0.14,0.09,0.05,55.5556,pre-market
1,2023-12-31,USD,398392000,1087533000,689141000,689141000,5921000,126142000,None,472317000,None,-1614000,None,1717000,None,None,None,93040000,16980000,-4010000,None,2666000,None,18697000,111737000,20264000,132139000,None,None,None,None,93040000,146167000,None,-1220000,None,None,-5684000,None,None,None,None,None,None,None,None,None,None,-2994000,None,None,None,2025-02-13,0.26,0.2452,0.0148,6.0359,pre-market
2,2022-12-31,USD,381544000,900486000,518942000,518942000,-20342000,187298000,None,406013000,None,-1518000,None,1518000,None,4127000,None,74296000,-24285000,1682000,None,-25967000,None,-22767000,51529000,-25967000,76741000,None,None,None,None,74296000,142559000,9139000,-334000,None,-143424000,-5202000,None,None,None,None,1818000,1818000,None,None,None,None,-2242000,None,-71885000,None,2024-10-30,0.25,0.2,0.05,25,pre-market
3,2021-12-31,USD,306517000,739893000,433376000,433376000,-14126000,145224000,None,320738000,None,-1577000,None,1577000,None,95000,None,60236000,-17335000,-7224000,None,-10111000,None,-15757995,44478005,-10111000,58402000,None,None,None,None,60236000,101495000,-4193000,-962000,None,-144890000,242021000,None,None,None,None,3177000,3177000,None,None,None,None,-3554000,None,155533000,None,2024-08-01,0.27,0.27,0,0,pre-market
4,2020-12-31,USD,212718000,522867000,310149000,310149000,-34511000,115842000,None,246443000,None,-815000,None,815000,None,-786000,None,50245000,-45477000,57000,None,-45534000,None,-44662000,5583000,-45534000,37350000,None,None,None,None,50245000,69038000,1006000,-667000,None,-69397000,141821000,None,None,None,None,1818000,1818000,None,None,None,None,-1818000,None,109774000,None,2024-05-02,0.13,0.1,0.03,30,pre-market
5,2019-12-31,USD,265532000,594519000,328987000,328987000,25685000,114100000,None,238495000,None,-434000,None,434000,None,2263000,None,40704000,27514000,3386000,None,24128000,None,27948000,68652000,19827000,89857000,None,None,None,None,40704000,106507000,10726000,-472000,None,-80686000,3178000,None,None,None,None,7805000,7805000,None,None,None,None,-1396000,None,12349000,None,2024-02-15,0.02,0.01,0.01,100,pre-market
6,2018-12-31,USD,211120000,459310000,248190000,248190000,31711000,85430000,0,178492000,None,-2415000,None,2415000,None,1514000,None,29000000,30810000,8862000,None,21948000,None,32628000,61628000,15179000,85395000,None,None,None,None,29000000,87525000,5530000,-491000,None,-86604000,4452000,None,None,None,None,751000,751000,None,None,None,None,-949000,None,3243000,None,2023-11-02,0.17,0.1,0.07,70,pre-market
7,2017-12-31,USD,168733000,358810000,190077000,190077000,33813000,67200000,0,134312000,None,-1643000,None,1643000,None,128123000,None,21704000,160293000,153354000,None,8884000,None,34421000,56125000,-2265000,70878000,None,None,None,None,21704000,61533000,6421000,-452000,None,-61943000,965000,None,None,None,None,2379000,2379000,None,None,None,None,-314000,None,9900000,None,2023-08-03,0.18,0.1,0.08,80,pre-market
8,2016-12-31,USD,129183000,268475000,139292000,139292000,27805000,52376000,0,101344000,None,-374000,None,374000,None,1065000,None,14502000,28496000,6350000,None,22146000,None,27839000,42341000,12446000,54285000,None,None,None,None,14502000,54433000,2974000,-263000,None,-114761000,1234000,None,None,None,None,0,0,None,None,None,None,3194000,None,-59242000,None,2023-05-04,-0.01,-0.08,0.07,87.5,pre-market
9,2015-12-31,USD,91761000,190592000,98831000,98831000,6753000,53032000,0,84991000,None,None,325000,325000,None,None,None,10222000,6428000,3304000,None,3124000,None,20358000,30580000,-8776000,41258000,None,None,None,None,10222000,32117000,775000,-14000,None,-34514000,61428000,None,None,None,None,11125000,11125000,None,None,None,None,4000000,None,68172000,None,2023-02-16,-0.06,-0.11,0.05,45.4545,pre-market
10,2014-12-31,USD,54293000,118530000,64237000,64237000,3143000,27940000,None,51045000,None,None,None,365000,None,None,None,5809000,2780000,662000,None,2118000,None,3248000,9057000,2118000,13584000,None,None,None,None,5809000,28515000,None,-198000,None,-28515000,4532000,None,None,None,None,27070000,27070000,None,None,None,None,109292000,None,None,None,2022-11-03,-0.06,-0.06,0,0,pre-market
11,2013-12-31,USD,38495000,82456000,43961000,43961000,5935000,19345000,None,32535000,None,None,None,0,None,None,None,3541000,5883000,460000,None,None,None,8294000,11835000,5423000,12924000,None,None,None,None,3541000,16194000,None,-88000,None,None,313000,None,None,None,None,None,None,None,None,None,None,None,None,None,None,2022-08-04,-0.0303,-0.02,-0.0103,-51.5,pre-market
12,2012-12-31,USD,25828000,57038000,31210000,31210000,4686000,12041000,None,21142000,None,None,None,0,None,None,None,2162000,4530000,397000,None,None,None,4686000,6848000,4133000,11678000,None,None,None,None,2162000,11036000,None,-35000,None,None,-2171000,None,None,None,None,None,None,None,None,None,None,None,None,None,None,2022-05-05,-0.19,-0.22,0.03,13.6364,post-market
13,,,,,,,,,,,,,,,,,,,,,,,,,,,,,,,,,,,,,,,,,,,,,,,,,,,,,2022-02-17,-0.11,-0.17,0.06,35.2941,post-market
14,,,,,,,,,,,,,,,,,,,,,,,,,,,,,,,,,,,,,,,,,,,,,,,,,,,,,2021-11-04,-0.05,-0.06,0.01,16.6667,post-market
15,,,,,,,,,,,,,,,,,,,,,,,,,,,,,,,,,,,,,,,,,,,,,,,,,,,,,2021-08-05,0.05,-0.07,0.12,171.4286,post-market
16,,,,,,,,,,,,,,,,,,,,,,,,,,,,,,,,,,,,,,,,,,,,,,,,,,,,,2021-05-06,0.04,-0.09,0.13,144.4444,post-market
17,,,,,,,,,,,,,,,,,,,,,,,,,,,,,,,,,,,,,,,,,,,,,,,,,,,,,2021-02-25,-0.03,-0.11,0.08,72.7273,post-market
18,,,,,,,,,,,,,,,,,,,,,,,,,,,,,,,,,,,,,,,,,,,,,,,,,,,,,2020-10-29,-0.11,-0.21,0.1,47.619,post-market
19,,,,,,,,,,,,,,,,,,,,,,,,,,,,,,,,,,,,,,,,,,,,,,,,,,,,,2020-07-30,-0.45,-0.37,-0.08,-21.6216,post-market
20,,,,,,,,,,,,,,,,,,,,,,,,,,,,,,,,,,,,,,,,,,,,,,,,,,,,,2020-05-04,0.02,0.01,0.01,100,post-market
21,,,,,,,,,,,,,,,,,,,,,,,,,,,,,,,,,,,,,,,,,,,,,,,,,,,,,2020-02-24,0.06,-0.01,0.07,700,post-market
22,,,,,,,,,,,,,,,,,,,,,,,,,,,,,,,,,,,,,,,,,,,,,,,,,,,,,2019-11-04,0.26,0.2,0.06,30,post-market
23,,,,,,,,,,,,,,,,,,,,,,,,,,,,,,,,,,,,,,,,,,,,,,,,,,,,,2019-08-05,0.27,0.23,0.04,17.3913,post-market
24,,,,,,,,,,,,,,,,,,,,,,,,,,,,,,,,,,,,,,,,,,,,,,,,,,,,,2019-05-02,0.13,0.13,0,0,post-market
25,,,,,,,,,,,,,,,,,,,,,,,,,,,,,,,,,,,,,,,,,,,,,,,,,,,,,2019-02-25,0.06,0.03,0.03,100,post-market
26,,,,,,,,,,,,,,,,,,,,,,,,,,,,,,,,,,,,,,,,,,,,,,,,,,,,,2018-11-01,0.21,0.13,0.08,61.5385,post-market
27,,,,,,,,,,,,,,,,,,,,,,,,,,,,,,,,,,,,,,,,,,,,,,,,,,,,,2018-08-02,0.29,0.18,0.11,61.1111,post-market
28,,,,,,,,,,,,,,,,,,,,,,,,,,,,,,,,,,,,,,,,,,,,,,,,,,,,,2018-05-03,0.15,0.08,0.07,87.5,post-market
29,,,,,,,,,,,,,,,,,,,,,,,,,,,,,,,,,,,,,,,,,,,,,,,,,,,,,2018-02-15,0.1,0.06,0.04,66.6667,post-market
30,,,,,,,,,,,,,,,,,,,,,,,,,,,,,,,,,,,,,,,,,,,,,,,,,,,,,2017-11-01,0.17,0.15,0.02,13.3333,post-market
31,,,,,,,,,,,,,,,,,,,,,,,,,,,,,,,,,,,,,,,,,,,,,,,,,,,,,2017-08-03,0.2,0.16,0.04,25,post-market
32,,,,,,,,,,,,,,,,,,,,,,,,,,,,,,,,,,,,,,,,,,,,,,,,,,,,,2017-05-04,0.1,0.08,0.02,25,post-market
33,,,,,,,,,,,,,,,,,,,,,,,,,,,,,,,,,,,,,,,,,,,,,,,,,,,,,2017-03-01,0.09,0.09,0,0,post-market
34,,,,,,,,,,,,,,,,,,,,,,,,,,,,,,,,,,,,,,,,,,,,,,,,,,,,,2016-11-09,0.15,0.14,0.01,7.1429,post-market
35,,,,,,,,,,,,,,,,,,,,,,,,,,,,,,,,,,,,,,,,,,,,,,,,,,,,,2016-08-10,0.14,0.13,0.01,7.6923,post-market
36,,,,,,,,,,,,,,,,,,,,,,,,,,,,,,,,,,,,,,,,,,,,,,,,,,,,,2016-05-12,0.08,0.05,0.03,60,post-market
37,,,,,,,,,,,,,,,,,,,,,,,,,,,,,,,,,,,,,,,,,,,,,,,,,,,,,2016-03-07,0.08,0.07,0.01,14.2857,post-market
38,,,,,,,,,,,,,,,,,,,,,,,,,,,,,,,,,,,,,,,,,,,,,,,,,,,,,2015-11-05,0.12,0.07,0.05,71.4286,post-market
39,,,,,,,,,,,,,,,,,,,,,,,,,,,,,,,,,,,,,,,,,,,,,,,,,,,,,2015-08-10,0.09,0.03,0.06,200,post-market
40,,,,,,,,,,,,,,,,,,,,,,,,,,,,,,,,,,,,,,,,,,,,,,,,,,,,,2015-05-13,0.04,-0.03,0.07,233.3333,post-market
41,,,,,,,,,,,,,,,,,,,,,,,,,,,,,,,,,,,,,,,,,,,,,,,,,,,,,2015-03-11,0.02,-0.03,0.05,166.6667,post-market
