,fiscalDateEnding,reportedCurrency,grossProfit,totalRevenue,costOfRevenue,costofGoodsAndServicesSold,operatingIncome,sellingGeneralAndAdministrative,researchAndDevelopment,operatingExpenses,investmentIncomeNet,netInterestIncome,interestIncome,interestExpense,nonInterestIncome,otherNonOperatingIncome,depreciation,depreciationAndAmortization,incomeBeforeTax,incomeTaxExpense,interestAndDebtExpense,netIncomeFromContinuingOperations,comprehensiveIncomeNetOfTax,ebit,ebitda,netIncome,operatingCashflow,paymentsForOperatingActivities,proceedsFromOperatingActivities,changeInOperatingLiabilities,changeInOperatingAssets,depreciationDepletionAndAmortization,capitalExpenditures,changeInReceivables,changeInInventory,profitLoss,cashflowFromInvestment,cashflowFromFinancing,proceedsFromRepaymentsOfShortTermDebt,paymentsForRepurchaseOfCommonStock,paymentsForRepurchaseOfEquity,paymentsForRepurchaseOfPreferredStock,dividendPayout,dividendPayoutCommonStock,dividendPayoutPreferredStock,proceedsFromIssuanceOfCommonStock,proceedsFromIssuanceOfLongTermDebtAndCapitalSecuritiesNet,proceedsFromIssuanceOfPreferredStock,proceedsFromRepurchaseOfEquity,proceedsFromSaleOfTreasuryStock,changeInCashAndCashEquivalents,changeInExchangeRate,reportedDate,reportedEPS,estimatedEPS,surprise,surprisePercentage,reportTime
0,2024-12-31,USD,3584000000,7549000000,3965000000,3965000000,2403000000,1181000000,None,1181000000,None,-489000000,None,489000000,None,None,None,175000000,1900000000,414000000,None,1486000000,None,2471000000,2646000000,1486000000,1689000000,None,None,None,None,175000000,257000000,None,None,None,None,-1163000000,None,None,None,None,752000000,752000000,None,None,None,None,-441000000,None,None,None,2025-04-29,1.3,1.2819,0.0181,1.412,pre-market
1,2023-12-31,USD,3496000000,7076000000,3580000000,3580000000,2318000000,1193000000,None,1179000000,None,-513000000,None,513000000,None,None,None,153000000,1818000000,221000000,None,1597000000,None,2331000000,2484000000,1597000000,1603000000,None,None,None,None,153000000,285000000,None,None,None,None,-1429000000,None,None,None,None,678000000,678000000,None,None,None,None,-50000000,None,None,None,2025-02-05,1.61,1.5959,0.0141,0.8835,pre-market
2,2022-12-31,USD,3307000000,6842000000,3535000000,3535000000,2187000000,1140000000,None,1120000000,None,-527000000,516000000,527000000,None,None,None,196000000,1662000000,337000000,None,1325000000,None,2139000000,2335000000,1325000000,1427000000,None,None,None,None,146000000,279000000,None,84000000,None,-202000000,-1323000000,None,None,None,None,649000000,649000000,None,None,None,None,-1200000000,None,None,None,2024-11-05,1.37,1.41,-0.04,-2.8369,pre-market
3,2021-12-31,USD,3166000000,6584000000,3418000000,3418000000,2139000000,1060000000,None,1027000000,None,-544000000,458000000,544000000,None,86000000,None,210000000,1674000000,99000000,None,1575000000,None,2172000000,2382000000,1575000000,1706000000,None,None,None,None,164000000,230000000,-46000000,46000000,None,-173000000,-1767000000,None,None,None,None,592000000,592000000,None,None,None,None,-1591000000,None,-253000000,-19000000,2024-08-06,1.35,1.33,0.02,1.5038,pre-market
4,2020-12-31,USD,2687000000,5652000000,2965000000,2965000000,1503000000,1064000000,None,1078000000,None,-543000000,469000000,543000000,None,74000000,None,195000000,1020000000,116000000,None,918000000,None,1568000000,1763000000,904000000,1305000000,None,None,None,None,146000000,160000000,62000000,-62000000,None,-335000000,-738000000,None,None,None,None,566000000,566000000,None,None,None,None,-239000000,None,256000000,24000000,2024-05-01,1.15,1.2,-0.05,-4.1667,pre-market
5,2019-12-31,USD,2814000000,5597000000,2783000000,2783000000,1930000000,921000000,None,921000000,None,-486000000,553000000,486000000,None,-67000000,None,166000000,1373000000,79000000,None,1298000000,None,1835000000,2001000000,1294000000,1315000000,None,None,None,None,112000000,196000000,56000000,56000000,None,-88000000,-938000000,None,None,None,None,511000000,511000000,None,None,None,None,-815000000,None,294000000,5000000,2024-02-07,1.26,1.4,-0.14,-10,pre-market
6,2018-12-31,USD,2658000000,5688000000,3030000000,3030000000,2296000000,909000000,None,909000000,None,-452000000,443000000,452000000,None,540000000,None,183000000,1839000000,297000000,None,1542000000,None,2335000000,2518000000,1542000000,1176000000,None,None,None,None,137000000,234000000,66000000,None,None,313000000,-2620000000,None,None,None,None,462000000,462000000,None,None,None,None,-2390000000,None,-1194000000,-63000000,2023-11-01,1.44,1.28,0.16,12.5,pre-market
7,2017-12-31,USD,2687000000,5878000000,3191000000,3191000000,2761000000,1046000000,22000000,1046000000,None,-440000000,440000000,440000000,None,1083000000,None,253000000,2274000000,934000000,None,1340000000,None,1746000000,1999000000,1340000000,1030000000,None,None,None,None,253000000,318000000,19000000,3000000,None,1472000000,-1795000000,None,None,None,None,416000000,416000000,None,None,None,None,-1960000000,None,768000000,61000000,2023-08-02,1.41,1.24,0.17,13.7097,pre-market
8,2016-12-31,USD,2666000000,6356000000,3690000000,3690000000,1682000000,1161000000,24000000,1161000000,None,-307000000,305000000,305000000,None,141000000,None,310000000,1345000000,327000000,None,929000000,None,1585000000,1895000000,1643000000,1204000000,None,None,None,None,309000000,422000000,46000000,1000000,None,-311000000,-677000000,None,None,None,None,744000000,744000000,None,None,None,None,-5403000000,None,728000000,-25000000,2023-05-03,1.06,1.13,-0.07,-6.1947,pre-market
9,2015-12-31,USD,3504000000,13105000000,9601000000,9601000000,1921000000,1504000000,24000000,1504000000,None,None,141000000,134000000,None,-10000000,None,747000000,1787000000,489000000,None,1298000000,None,1092000000,1839000000,1293000000,2139000000,None,None,None,None,747000000,973000000,-54000000,58000000,None,-682000000,-1292000000,None,None,None,None,730000000,730000000,None,None,None,None,-1200000000,None,159000000,-6000000,2023-02-08,1.31,1.26,0.05,3.9683,pre-market
10,2014-12-31,USD,3437000000,13279000000,9842000000,9842000000,1557000000,1419000000,25000000,1419000000,None,None,None,130000000,None,None,None,739000000,1427000000,406000000,None,1021000000,None,1579000000,2318000000,1051000000,2049000000,None,None,None,None,739000000,1033000000,-21000000,-22000000,None,-936000000,-1114000000,None,None,None,None,669000000,669000000,None,None,None,None,-820000000,None,5000000,6000000,2022-11-02,1.09,1.14,-0.05,-4.386,pre-market
11,2013-12-31,USD,3583000000,13084000000,9501000000,9501000000,1798000000,1412000000,31000000,1412000000,None,None,None,270000000,None,None,None,721000000,1551000000,487000000,None,1064000000,None,1798000000,2519000000,1091000000,2139000000,None,None,None,None,721000000,1049000000,-12000000,18000000,None,-886000000,-1451000000,None,None,None,None,615000000,615000000,None,None,None,None,-770000000,None,-203000000,-5000000,2022-08-03,1.05,1.09,-0.04,-3.6697,pre-market
12,2012-12-31,USD,3648000000,13633000000,9985000000,9985000000,2294000000,1510000000,30000000,1510000000,None,None,None,149000000,None,None,None,645000000,2145000000,537000000,None,1608000000,None,1649000000,2294000000,1597000000,2294000000,None,None,None,None,645000000,1099000000,-18000000,9000000,None,-1005000000,-1716000000,None,None,None,None,544000000,544000000,None,None,None,None,-965000000,None,-422000000,5000000,2022-05-04,1.05,1.07,-0.02,-1.8692,pre-market
13,2011-12-31,USD,3486000000,12626000000,9140000000,9140000000,1815000000,1372000000,34000000,1464000000,None,None,None,184000000,None,None,None,628000000,1659000000,324000000,None,None,None,1845000000,2473000000,1319000000,2170000000,None,None,None,None,628000000,940000000,None,-75000000,None,-1006000000,-1413000000,None,None,None,None,481000000,481000000,None,None,None,None,-752000000,None,None,None,2022-02-09,1.02,1.09,-0.07,-6.422,pre-market
14,2010-12-31,USD,3223000000,11343000000,8120000000,8120000000,1769000000,4134000000,33000000,1407000000,None,None,None,195000000,None,None,None,589000000,1594000000,416000000,None,1178000000,None,1794000000,2383000000,1158000000,1968000000,None,None,None,None,589000000,796000000,-12000000,-68000000,None,-579000000,-337000000,None,None,None,None,412000000,412000000,None,None,None,None,-371000000,None,1073000000,21000000,2021-10-28,1.22,1.08,0.14,12.963,pre-market
15,2009-12-31,USD,2784000000,10836000000,8052000000,8052000000,1590000000,3998000000,31000000,1194000000,None,None,None,212000000,None,None,None,580000000,1396000000,313000000,None,None,None,1621000000,2201000000,1071000000,1404000000,None,None,None,None,580000000,797000000,None,27000000,None,0,-542000000,None,None,None,None,362000000,362000000,None,None,None,None,113000000,None,None,None,2021-07-29,1.16,0.96,0.2,20.8333,pre-market
16,2008-12-31,USD,2740000000,11279000000,8539000000,8539000000,1506000000,4198000000,34000000,1196000000,None,None,None,226000000,None,None,None,556000000,1280000000,316000000,None,None,None,1548000000,2104000000,964000000,1469000000,None,None,None,None,556000000,970000000,None,-8000000,None,None,-1459000000,None,None,None,None,322000000,322000000,None,None,None,None,-1628000000,None,None,None,2021-04-28,1.07,0.87,0.2,22.9885,pre-market
17,2007-12-31,USD,2603000000,10416000000,7813000000,7813000000,1357000000,3937000000,39000000,1222000000,None,None,None,166000000,None,None,None,542000000,1191000000,282000000,None,None,None,1390000000,1932000000,909000000,1567000000,None,None,None,None,542000000,742000000,None,-31000000,None,None,-678000000,None,None,None,None,273000000,273000000,None,None,None,None,-1410000000,None,None,None,2021-02-04,1.15,1.01,0.14,13.8614,pre-market
18,2006-12-31,USD,2467000000,9561000000,7094000000,7094000000,1262000000,3590000000,33000000,1146000000,None,None,None,127000000,None,None,None,479000000,1108000000,284000000,None,None,None,1280000000,1759000000,824000000,1302000000,None,None,None,None,479000000,614000000,None,-3000000,None,None,-673000000,None,None,None,None,144000000,144000000,None,None,None,None,-983000000,None,None,None,2020-10-29,1.01,0.8,0.21,26.25,pre-market
19,2005-12-31,USD,2227000000,9349000000,7122000000,7122000000,1153000000,1158000000,33000000,1074000000,None,None,None,127000000,None,None,None,469000000,1026000000,264000000,None,None,None,1153000000,1622000000,762000000,1272000000,None,None,None,None,469000000,609000000,None,-4000000,None,None,-832000000,None,None,None,None,123000000,123000000,None,None,None,None,-1056000000,None,None,None,2020-07-30,0.82,0.53,0.29,54.717,pre-market
20,,,,,,,,,,,,,,,,,,,,,,,,,,,,,,,,,,,,,,,,,,,,,,,,,,,,,2020-04-29,0.64,0.66,-0.02,-3.0303,pre-market
21,,,,,,,,,,,,,,,,,,,,,,,,,,,,,,,,,,,,,,,,,,,,,,,,,,,,,2020-02-06,1,1.13,-0.13,-11.5044,pre-market
22,,,,,,,,,,,,,,,,,,,,,,,,,,,,,,,,,,,,,,,,,,,,,,,,,,,,,2019-10-30,0.8,0.94,-0.14,-14.8936,pre-market
23,,,,,,,,,,,,,,,,,,,,,,,,,,,,,,,,,,,,,,,,,,,,,,,,,,,,,2019-08-01,0.93,0.87,0.06,6.8966,pre-market
24,,,,,,,,,,,,,,,,,,,,,,,,,,,,,,,,,,,,,,,,,,,,,,,,,,,,,2019-05-01,0.82,0.81,0.01,1.2346,pre-market
25,,,,,,,,,,,,,,,,,,,,,,,,,,,,,,,,,,,,,,,,,,,,,,,,,,,,,2019-02-07,0.4,0.95,-0.55,-57.8947,pre-market
26,,,,,,,,,,,,,,,,,,,,,,,,,,,,,,,,,,,,,,,,,,,,,,,,,,,,,2018-10-31,1.04,0.83,0.21,25.3012,pre-market
27,,,,,,,,,,,,,,,,,,,,,,,,,,,,,,,,,,,,,,,,,,,,,,,,,,,,,2018-08-02,0.82,0.74,0.08,10.8108,pre-market
28,,,,,,,,,,,,,,,,,,,,,,,,,,,,,,,,,,,,,,,,,,,,,,,,,,,,,2018-05-02,0.9,0.68,0.22,32.3529,pre-market
29,,,,,,,,,,,,,,,,,,,,,,,,,,,,,,,,,,,,,,,,,,,,,,,,,,,,,2018-02-08,0.96,0.8,0.16,20,pre-market
30,,,,,,,,,,,,,,,,,,,,,,,,,,,,,,,,,,,,,,,,,,,,,,,,,,,,,2017-11-02,0.68,0.67,0.01,1.4925,pre-market
31,,,,,,,,,,,,,,,,,,,,,,,,,,,,,,,,,,,,,,,,,,,,,,,,,,,,,2017-08-03,0.68,0.61,0.07,11.4754,pre-market
32,,,,,,,,,,,,,,,,,,,,,,,,,,,,,,,,,,,,,,,,,,,,,,,,,,,,,2017-05-03,0.65,0.6,0.05,8.3333,pre-market
33,,,,,,,,,,,,,,,,,,,,,,,,,,,,,,,,,,,,,,,,,,,,,,,,,,,,,2017-02-09,0.79,0.74,0.05,6.7568,pre-market
34,,,,,,,,,,,,,,,,,,,,,,,,,,,,,,,,,,,,,,,,,,,,,,,,,,,,,2016-10-05,1.09,1.1,-0.01,-0.9091,post-market
35,,,,,,,,,,,,,,,,,,,,,,,,,,,,,,,,,,,,,,,,,,,,,,,,,,,,,2016-07-13,0.75,0.74,0.01,1.3514,post-market
36,,,,,,,,,,,,,,,,,,,,,,,,,,,,,,,,,,,,,,,,,,,,,,,,,,,,,2016-04-20,0.95,0.83,0.12,14.4578,post-market
37,,,,,,,,,,,,,,,,,,,,,,,,,,,,,,,,,,,,,,,,,,,,,,,,,,,,,2016-02-03,0.68,0.66,0.02,3.0303,post-market
38,,,,,,,,,,,,,,,,,,,,,,,,,,,,,,,,,,,,,,,,,,,,,,,,,,,,,2015-10-06,1,1.07,-0.07,-6.5421,post-market
39,,,,,,,,,,,,,,,,,,,,,,,,,,,,,,,,,,,,,,,,,,,,,,,,,,,,,2015-07-14,0.69,0.62,0.07,11.2903,post-market
40,,,,,,,,,,,,,,,,,,,,,,,,,,,,,,,,,,,,,,,,,,,,,,,,,,,,,2015-04-21,0.8,0.72,0.08,11.1111,post-market
41,,,,,,,,,,,,,,,,,,,,,,,,,,,,,,,,,,,,,,,,,,,,,,,,,,,,,2015-02-04,0.61,0.66,-0.05,-7.5758,post-market
42,,,,,,,,,,,,,,,,,,,,,,,,,,,,,,,,,,,,,,,,,,,,,,,,,,,,,2014-10-07,0.87,0.88,-0.01,-1.1364,post-market
43,,,,,,,,,,,,,,,,,,,,,,,,,,,,,,,,,,,,,,,,,,,,,,,,,,,,,2014-07-16,0.73,0.74,-0.01,-1.3514,pre-market
44,,,,,,,,,,,,,,,,,,,,,,,,,,,,,,,,,,,,,,,,,,,,,,,,,,,,,2014-04-22,0.87,0.85,0.02,2.3529,pre-market
45,,,,,,,,,,,,,,,,,,,,,,,,,,,,,,,,,,,,,,,,,,,,,,,,,,,,,2014-02-03,0.86,0.8,0.06,7.5,pre-market
46,,,,,,,,,,,,,,,,,,,,,,,,,,,,,,,,,,,,,,,,,,,,,,,,,,,,,2013-10-08,0.85,0.93,-0.08,-8.6022,pre-market
47,,,,,,,,,,,,,,,,,,,,,,,,,,,,,,,,,,,,,,,,,,,,,,,,,,,,,2013-07-10,0.56,0.54,0.02,3.7037,pre-market
48,,,,,,,,,,,,,,,,,,,,,,,,,,,,,,,,,,,,,,,,,,,,,,,,,,,,,2013-04-23,0.7,0.6,0.1,16.6667,pre-market
49,,,,,,,,,,,,,,,,,,,,,,,,,,,,,,,,,,,,,,,,,,,,,,,,,,,,,2013-02-04,0.83,0.82,0.01,1.2195,pre-market
50,,,,,,,,,,,,,,,,,,,,,,,,,,,,,,,,,,,,,,,,,,,,,,,,,,,,,2012-10-09,0.99,0.97,0.02,2.0619,pre-market
51,,,,,,,,,,,,,,,,,,,,,,,,,,,,,,,,,,,,,,,,,,,,,,,,,,,,,2012-07-18,0.67,0.7,-0.03,-4.2857,pre-market
52,,,,,,,,,,,,,,,,,,,,,,,,,,,,,,,,,,,,,,,,,,,,,,,,,,,,,2012-04-18,0.76,0.73,0.03,4.1096,pre-market
53,,,,,,,,,,,,,,,,,,,,,,,,,,,,,,,,,,,,,,,,,,,,,,,,,,,,,2012-02-06,0.75,0.74,0.01,1.3514,pre-market
54,,,,,,,,,,,,,,,,,,,,,,,,,,,,,,,,,,,,,,,,,,,,,,,,,,,,,2011-10-04,0.83,0.83,0,0,pre-market
55,,,,,,,,,,,,,,,,,,,,,,,,,,,,,,,,,,,,,,,,,,,,,,,,,,,,,2011-07-13,0.66,0.61,0.05,8.1967,pre-market
56,,,,,,,,,,,,,,,,,,,,,,,,,,,,,,,,,,,,,,,,,,,,,,,,,,,,,2011-04-20,0.63,0.64,-0.01,-1.5625,pre-market
57,,,,,,,,,,,,,,,,,,,,,,,,,,,,,,,,,,,,,,,,,,,,,,,,,,,,,2011-02-02,0.63,0.6,0.03,5,pre-market
58,,,,,,,,,,,,,,,,,,,,,,,,,,,,,,,,,,,,,,,,,,,,,,,,,,,,,2010-10-05,0.73,0.72,0.01,1.3889,pre-market
59,,,,,,,,,,,,,,,,,,,,,,,,,,,,,,,,,,,,,,,,,,,,,,,,,,,,,2010-07-13,0.58,0.55,0.03,5.4545,pre-market
60,,,,,,,,,,,,,,,,,,,,,,,,,,,,,,,,,,,,,,,,,,,,,,,,,,,,,2010-04-14,0.59,0.53,0.06,11.3208,pre-market
61,,,,,,,,,,,,,,,,,,,,,,,,,,,,,,,,,,,,,,,,,,,,,,,,,,,,,2010-02-03,0.5,0.48,0.02,4.1667,pre-market
62,,,,,,,,,,,,,,,,,,,,,,,,,,,,,,,,,,,,,,,,,,,,,,,,,,,,,2009-10-06,0.7,0.58,0.12,20.6897,pre-market
63,,,,,,,,,,,,,,,,,,,,,,,,,,,,,,,,,,,,,,,,,,,,,,,,,,,,,2009-07-14,0.5,0.43,0.07,16.2791,pre-market
64,,,,,,,,,,,,,,,,,,,,,,,,,,,,,,,,,,,,,,,,,,,,,,,,,,,,,2009-04-22,0.48,0.4,0.08,20,pre-market
65,,,,,,,,,,,,,,,,,,,,,,,,,,,,,,,,,,,,,,,,,,,,,,,,,,,,,2009-02-03,0.46,0.45,0.01,2.2222,pre-market
66,,,,,,,,,,,,,,,,,,,,,,,,,,,,,,,,,,,,,,,,,,,,,,,,,,,,,2008-10-07,0.58,0.54,0.04,7.4074,pre-market
67,,,,,,,,,,,,,,,,,,,,,,,,,,,,,,,,,,,,,,,,,,,,,,,,,,,,,2008-07-16,0.45,0.42,0.03,7.1429,pre-market
68,,,,,,,,,,,,,,,,,,,,,,,,,,,,,,,,,,,,,,,,,,,,,,,,,,,,,2008-04-22,0.42,0.4,0.02,5,pre-market
69,,,,,,,,,,,,,,,,,,,,,,,,,,,,,,,,,,,,,,,,,,,,,,,,,,,,,2008-02-04,0.44,0.42,0.02,4.7619,pre-market
70,,,,,,,,,,,,,,,,,,,,,,,,,,,,,,,,,,,,,,,,,,,,,,,,,,,,,2007-10-08,0.5,0.45,0.05,11.1111,pre-market
71,,,,,,,,,,,,,,,,,,,,,,,,,,,,,,,,,,,,,,,,,,,,,,,,,,,,,2007-07-11,0.39,0.36,0.03,8.3333,pre-market
72,,,,,,,,,,,,,,,,,,,,,,,,,,,,,,,,,,,,,,,,,,,,,,,,,,,,,2007-05-01,0.35,0.32,0.03,9.375,pre-market
73,,,,,,,,,,,,,,,,,,,,,,,,,,,,,,,,,,,,,,,,,,,,,,,,,,,,,2007-02-12,0.42,0.39,0.03,7.6923,pre-market
74,,,,,,,,,,,,,,,,,,,,,,,,,,,,,,,,,,,,,,,,,,,,,,,,,,,,,2006-10-11,0.42,0.38,0.04,10.5263,pre-market
75,,,,,,,,,,,,,,,,,,,,,,,,,,,,,,,,,,,,,,,,,,,,,,,,,,,,,2006-07-19,0.34,0.31,0.03,9.6774,pre-market
76,,,,,,,,,,,,,,,,,,,,,,,,,,,,,,,,,,,,,,,,,,,,,,,,,,,,,2006-04-24,0.3,0.29,0.01,3.4483,pre-market
77,,,,,,,,,,,,,,,,,,,,,,,,,,,,,,,,,,,,,,,,,,,,,,,,,,,,,2006-02-06,0.39,0.39,0,0,pre-market
78,,,,,,,,,,,,,,,,,,,,,,,,,,,,,,,,,,,,,,,,,,,,,,,,,,,,,2005-10-05,0.36,0.35,0.01,2.8571,pre-market
79,,,,,,,,,,,,,,,,,,,,,,,,,,,,,,,,,,,,,,,,,,,,,,,,,,,,,2005-07-13,0.31,0.28,0.03,10.7143,pre-market
80,,,,,,,,,,,,,,,,,,,,,,,,,,,,,,,,,,,,,,,,,,,,,,,,,,,,,2005-04-20,0.27,0.26,0.01,3.8462,pre-market
81,,,,,,,,,,,,,,,,,,,,,,,,,,,,,,,,,,,,,,,,,,,,,,,,,,,,,2005-02-01,0.37,0.36,0.01,2.7778,pre-market
82,,,,,,,,,,,,,,,,,,,,,,,,,,,,,,,,,,,,,,,,,,,,,,,,,,,,,2004-10-05,0.31,0.3,0.01,3.3333,pre-market
83,,,,,,,,,,,,,,,,,,,,,,,,,,,,,,,,,,,,,,,,,,,,,,,,,,,,,2004-07-13,0.28,0.26,0.02,7.6923,pre-market
84,,,,,,,,,,,,,,,,,,,,,,,,,,,,,,,,,,,,,,,,,,,,,,,,,,,,,2004-04-21,0.24,0.22,0.02,9.0909,pre-market
85,,,,,,,,,,,,,,,,,,,,,,,,,,,,,,,,,,,,,,,,,,,,,,,,,,,,,2004-02-11,0.33,0.31,0.02,6.4516,pre-market
86,,,,,,,,,,,,,,,,,,,,,,,,,,,,,,,,,,,,,,,,,,,,,,,,,,,,,2003-10-07,0.27,0.26,0.01,3.8462,pre-market
87,,,,,,,,,,,,,,,,,,,,,,,,,,,,,,,,,,,,,,,,,,,,,,,,,,,,,2003-07-15,0.24,0.23,0.01,4.3478,pre-market
88,,,,,,,,,,,,,,,,,,,,,,,,,,,,,,,,,,,,,,,,,,,,,,,,,,,,,2003-04-23,0.2,0.19,0.01,5.2632,pre-market
89,,,,,,,,,,,,,,,,,,,,,,,,,,,,,,,,,,,,,,,,,,,,,,,,,,,,,2003-02-10,0.28,0.28,0,0,pre-market
90,,,,,,,,,,,,,,,,,,,,,,,,,,,,,,,,,,,,,,,,,,,,,,,,,,,,,2002-10-09,0.25,0.24,0.01,4.1667,pre-market
91,,,,,,,,,,,,,,,,,,,,,,,,,,,,,,,,,,,,,,,,,,,,,,,,,,,,,2002-07-23,0.23,0.22,0.01,4.5455,pre-market
92,,,,,,,,,,,,,,,,,,,,,,,,,,,,,,,,,,,,,,,,,,,,,,,,,,,,,2002-04-29,0.2,0.19,0.01,5.2632,pre-market
93,,,,,,,,,,,,,,,,,,,,,,,,,,,,,,,,,,,,,,,,,,,,,,,,,,,,,2002-02-11,0.27,0.26,0.01,3.8462,pre-market
94,,,,,,,,,,,,,,,,,,,,,,,,,,,,,,,,,,,,,,,,,,,,,,,,,,,,,2001-10-16,0.2,0.2,0,0,pre-market
95,,,,,,,,,,,,,,,,,,,,,,,,,,,,,,,,,,,,,,,,,,,,,,,,,,,,,2001-07-26,0.18,0.18,0,0,pre-market
96,,,,,,,,,,,,,,,,,,,,,,,,,,,,,,,,,,,,,,,,,,,,,,,,,,,,,2001-05-01,0.15,0.16,-0.01,-6.25,pre-market
97,,,,,,,,,,,,,,,,,,,,,,,,,,,,,,,,,,,,,,,,,,,,,,,,,,,,,2001-02-14,0.2,0.2,0,0,pre-market
98,,,,,,,,,,,,,,,,,,,,,,,,,,,,,,,,,,,,,,,,,,,,,,,,,,,,,2000-10-11,0.19,0.21,-0.02,-9.5238,pre-market
99,,,,,,,,,,,,,,,,,,,,,,,,,,,,,,,,,,,,,,,,,,,,,,,,,,,,,2000-07-18,0.19,0.18,0.01,5.5556,pre-market
100,,,,,,,,,,,,,,,,,,,,,,,,,,,,,,,,,,,,,,,,,,,,,,,,,,,,,2000-04-26,0.16,0.14,0.02,14.2857,pre-market
101,,,,,,,,,,,,,,,,,,,,,,,,,,,,,,,,,,,,,,,,,,,,,,,,,,,,,2000-02-09,0.2,0.17,0.03,17.6471,pre-market
102,,,,,,,,,,,,,,,,,,,,,,,,,,,,,,,,,,,,,,,,,,,,,,,,,,,,,1999-10-12,0.18,0.22,-0.04,-18.1818,pre-market
103,,,,,,,,,,,,,,,,,,,,,,,,,,,,,,,,,,,,,,,,,,,,,,,,,,,,,1999-07-20,0.15,0.22,-0.07,-31.8182,pre-market
104,,,,,,,,,,,,,,,,,,,,,,,,,,,,,,,,,,,,,,,,,,,,,,,,,,,,,1999-04-28,0.13,0.12,0.01,8.3333,pre-market
105,,,,,,,,,,,,,,,,,,,,,,,,,,,,,,,,,,,,,,,,,,,,,,,,,,,,,1999-02-11,0.14,0.17,-0.03,-17.6471,pre-market
106,,,,,,,,,,,,,,,,,,,,,,,,,,,,,,,,,,,,,,,,,,,,,,,,,,,,,1998-10-15,0.21,0.19,0.02,10.5263,pre-market
107,,,,,,,,,,,,,,,,,,,,,,,,,,,,,,,,,,,,,,,,,,,,,,,,,,,,,1998-07-27,0.11,0.12,-0.01,-8.3333,pre-market
108,,,,,,,,,,,,,,,,,,,,,,,,,,,,,,,,,,,,,,,,,,,,,,,,,,,,,1998-04-27,0.09,0.07,0.02,28.5714,pre-market
109,,,,,,,,,,,,,,,,,,,,,,,,,,,,,,,,,,,,,,,,,,,,,,,,,,,,,1998-02-13,0.08,0.1,-0.02,-20,pre-market
110,,,,,,,,,,,,,,,,,,,,,,,,,,,,,,,,,,,,,,,,,,,,,,,,,,,,,1997-10-21,0.14,0.1,0.04,40,pre-market
